,2013-12-31,2014-03-31,2014-06-30,2014-09-30,2014-12-31,2015-03-31,2015-06-30,2015-09-30,2015-12-31,2016-03-31,2016-06-30,2016-09-30,2016-12-31,2017-03-31,2017-06-30,2017-09-30,2017-12-31,2018-03-31,2018-06-30,2018-09-30,2018-12-31,2019-03-31,2019-06-30,2019-09-30,2019-12-31,2020-03-31,2020-06-30,2020-09-30,2020-12-31,2021-03-31,2021-06-30,2021-09-30,2021-12-31,2022-03-31,2022-06-30,2022-09-30,2022-12-31,2023-03-31,2023-06-30,2023-09-30
Revenue,699.76,686.25,906.26,"1,173",726.45,671.22,890.65,"1,199",734.43,677.17,915.39,"1,167",739.2,677.73,944.59,"1,183",759.66,692.71,974.12,"1,268",756.38,740.53,869.5,"1,191",670.39,661.93,929.59,"1,255",740.96,696.48,"1,000","1,308",798.86,783.53,"1,062","1,470","1,009",944.96,"1,122","1,638"
Revenue Growth (YoY),0.96%,-0.06%,-1.04%,1.76%,3.81%,-2.19%,-1.72%,2.26%,1.10%,0.89%,2.78%,-2.69%,0.65%,0.08%,3.19%,1.41%,2.77%,2.21%,3.13%,7.16%,-0.43%,6.90%,-10.74%,-6.09%,-11.37%,-10.61%,6.91%,5.35%,10.53%,5.22%,7.60%,4.28%,7.81%,12.50%,6.14%,12.35%,26.34%,20.60%,5.65%,11.42%
Cost of Revenue,515.42,508.51,546.08,646.63,558.93,481.4,535.47,627.54,497.08,506.98,559.24,594.97,512.5,482.3,519.89,586.48,526.09,516.39,579.09,687.86,542.37,531.31,524.86,637.25,509.01,466.61,514.54,645.12,550.9,487.77,559.02,717.45,577.03,541.61,651.69,861.71,781.78,701.72,742.63,917.71
Gross Profit,184.34,177.74,360.18,526.04,167.52,189.82,355.17,571.61,237.35,170.19,356.15,571.95,226.7,195.43,424.7,596.85,233.57,176.32,395.03,580.18,214.01,209.22,344.65,553.53,161.38,195.32,415.05,609.38,190.07,208.71,441.23,590.81,221.83,241.92,409.98,608.16,227.54,243.23,379.07,720.05
Other Operating Expenses,100.44,102.57,106.07,104.26,107.34,122.14,123.2,126.5,127.52,120.02,124.4,120.69,124.25,128.02,127.45,137.3,148.02,144.99,152.87,146.87,147.12,149.13,148.06,150.24,149.38,154.9,153.17,154.37,159.22,161.18,162.84,161.44,171.81,187.43,186.88,190.59,190.79,192.52,195.79,203.79
Operating Expenses,100.44,102.57,106.07,104.26,107.34,122.14,123.2,126.5,127.52,120.02,124.4,120.69,124.25,128.02,127.45,137.3,148.02,144.99,152.87,146.87,147.12,149.13,148.06,150.24,149.38,154.9,153.17,154.37,159.22,161.18,162.84,161.44,171.81,187.43,186.88,190.59,190.79,192.52,195.79,203.79
Operating Income,83.9,75.17,254.11,421.78,60.18,67.68,231.97,445.11,109.83,50.16,231.75,451.26,102.44,67.41,297.26,459.55,85.55,31.33,242.16,433.31,66.88,60.08,196.59,403.29,12,40.42,261.87,455.01,30.85,47.53,278.39,429.37,50.02,54.49,223.1,417.57,36.75,50.72,183.28,516.26
Interest Expense / Income,46.52,49.2,47.96,44.15,44.19,44.18,44.01,45.82,44.69,45.52,47.55,46.97,45.71,47.39,50.06,49.64,50.59,52.2,54.42,55.69,55.98,53.99,52.97,54,55.77,55.16,57.94,56.83,59.04,56.94,57.58,58.79,59.95,60.91,62.23,63.49,68.91,75.4,81.52,87.82
Other Expense / Income,3.96,3.8,-0.85,-1.09,5.58,-0.57,-2.31,2.62,1.18,-1.72,-2.85,-0.19,-23.83,-7.5,-9.22,-10.49,-7.44,-22.82,-23.03,-21.73,-21.96,-14.24,-17.61,-16.25,-19.22,-24.52,-30.71,-25.43,11.11,-40.7,-41.45,-41.08,-33.53,-27.53,-30.14,-24.97,0.58,-22.57,-20.8,-26.81
Pretax Income,33.43,22.17,207,378.71,10.42,24.07,190.27,396.67,63.96,6.37,187.05,404.47,80.56,27.52,256.41,420.39,42.4,1.96,210.78,399.35,32.87,20.34,161.23,365.54,-24.56,9.78,234.65,423.61,-39.3,31.29,262.26,411.66,23.6,21.12,191,379.05,-32.74,-2.11,122.56,455.26
Income Tax,9.17,6.41,74.54,134.75,5.01,7.95,67.37,139.56,22.85,1.91,65.74,141.45,27.31,4.21,88.97,144.32,20.78,-1.27,44.04,84.33,6.8,2.42,17.08,53.27,-88.54,-20.21,41.06,77.23,-19.91,-4.35,46.56,71.86,-3.99,4.16,26.69,52.73,-8.75,1.18,15.9,57.05
Net Income,24.26,15.77,132.46,243.96,5.41,16.12,122.9,257.12,41.12,4.45,121.31,263.03,53.25,23.31,167.44,276.07,21.63,3.22,166.74,315.01,26.08,17.92,144.15,312.28,63.98,29.99,193.59,346.37,-19.39,35.64,215.7,339.8,27.58,16.96,164.31,326.33,-23.99,-3.3,106.66,398.21
Net Income Growth,7.20%,-35.50%,0.95%,7.87%,-77.70%,2.26%,-7.21%,5.39%,660.02%,-72.38%,-1.30%,2.30%,29.50%,423.51%,38.03%,4.96%,-59.38%,-86.18%,-0.42%,14.11%,20.56%,456.29%,-13.55%,-0.87%,145.36%,67.39%,34.30%,10.92%,-,18.83%,11.42%,-1.90%,-,-52.43%,-23.82%,-3.96%,-,-,-35.09%,22.03%
Shares Outstanding (Basic),110,110,111,111,111,111,111,111,111,111,111,111,112,112,112,112,112,112,112,112,112,112,112,112,113,113,113,113,113,113,113,113,113,113,113,113,113,113,113,113
Shares Outstanding (Diluted),110,111,111,111,112,111,111,112,112,112,112,112,112,112,112,112,113,112,112,113,113,113,113,113,113,113,113,113,113,113,113,113,113,113,113,113,114,113,114,114
Shares Change,-0.04%,0.05%,0.06%,0.04%,1.21%,0.44%,0.41%,0.59%,-0.08%,0.42%,0.49%,0.43%,0.43%,0.31%,0.30%,0.27%,0.27%,0.27%,0.11%,0.12%,0.16%,0.22%,0.16%,0.19%,0.10%,0.11%,0.20%,0.21%,0.19%,0.20%,0.30%,0.20%,0.18%,0.18%,0.13%,0.22%,0.27%,0.06%,0.31%,0.33%
EPS (Basic),0.22,0.14,1.20,2.21,0.04,0.15,1.11,2.32,0.37,0.04,1.09,2.36,0.48,0.21,1.50,2.47,0.19,0.03,1.49,2.81,0.23,0.16,1.28,2.78,0.57,0.27,1.72,3.07,-0.17,0.32,1.91,3.01,0.24,0.15,1.45,2.88,-0.22,-0.03,0.94,3.51
EPS (Diluted),0.22,0.14,1.19,2.20,0.05,0.14,1.10,2.30,0.37,0.04,1.08,2.35,0.48,0.21,1.49,2.46,0.19,0.03,1.48,2.80,0.23,0.16,1.28,2.77,0.56,0.27,1.71,3.07,-0.18,0.32,1.91,3.00,0.25,0.15,1.45,2.88,-0.22,-0.03,0.94,3.50
EPS Growth,4.76%,-36.36%,0.85%,7.84%,-77.27%,0%,-7.56%,4.55%,640.00%,-71.43%,-1.82%,2.17%,29.73%,425.00%,37.96%,4.68%,-60.42%,-85.71%,-0.67%,13.82%,21.05%,433.33%,-13.51%,-1.07%,143.48%,68.75%,33.59%,10.83%,-,18.52%,11.70%,-2.28%,-,-53.13%,-24.08%,-4.00%,-,-,-35.17%,21.53%
Free Cash Flow,-116.27,49.43,39.53,187.84,-42.39,-70.73,-13.34,171.8,-13.21,-203.47,-58.76,75.17,13.3,-163.63,-172.83,157.56,-88.13,-185.6,-79.21,348.73,42.77,-78.42,-98.14,187.56,-175.03,-153.23,-123.41,119.07,-140.14,-146.47,-190.23,58.05,-229.17,-22.71,-163.34,44.47,-187.03,-208.4,-212.06,52.6
Free Cash Flow Per Share,-1.06,0.45,0.36,1.70,-0.38,-0.64,-0.12,1.55,-0.12,-1.83,-0.53,0.68,0.12,-1.47,-1.55,1.41,-0.79,-1.66,-0.71,3.11,0.38,-0.70,-0.87,1.67,-1.55,-1.36,-1.10,1.06,-1.24,-1.30,-1.69,0.51,-2.03,-0.20,-1.44,0.39,-1.65,-1.84,-1.87,0.46
Dividend Per Share,0.568,0.568,0.568,0.568,0.595,0.595,0.595,0.595,0.625,0.625,0.625,0.625,0.655,0.655,0.655,0.655,0.695,0.695,0.695,0.695,0.738,0.738,0.738,0.738,0.782,0.782,0.782,0.782,0.830,0.830,0.830,0.830,0.850,0.850,0.850,0.850,0.865,0.865,0.865,0.865
Dividend Growth,4.22%,4.22%,4.22%,4.22%,4.75%,4.75%,4.75%,4.75%,5.04%,5.04%,5.04%,5.04%,4.80%,4.80%,4.80%,4.80%,6.11%,6.11%,6.11%,6.11%,6.19%,6.19%,6.19%,6.19%,5.96%,5.96%,5.96%,5.96%,6.14%,6.14%,6.14%,6.14%,2.41%,2.41%,2.41%,2.41%,1.76%,1.76%,1.76%,1.76%
Gross Margin,26.34%,25.90%,39.74%,44.86%,23.06%,28.28%,39.88%,47.67%,32.32%,25.13%,38.91%,49.01%,30.67%,28.84%,44.96%,50.44%,30.75%,25.45%,40.55%,45.75%,28.29%,28.25%,39.64%,46.48%,24.07%,29.51%,44.65%,48.58%,25.65%,29.97%,44.11%,45.16%,27.77%,30.88%,38.62%,41.38%,22.54%,25.74%,33.79%,43.97%
Operating Margin,11.99%,10.95%,28.04%,35.97%,8.28%,10.08%,26.05%,37.12%,14.95%,7.41%,25.32%,38.67%,13.86%,9.95%,31.47%,38.84%,11.26%,4.52%,24.86%,34.17%,8.84%,8.11%,22.61%,33.87%,1.79%,6.11%,28.17%,36.27%,4.16%,6.82%,27.83%,32.82%,6.26%,6.95%,21.01%,28.41%,3.64%,5.37%,16.34%,31.52%
Profit Margin,3.47%,2.30%,14.62%,20.80%,0.74%,2.40%,13.80%,21.44%,5.60%,0.66%,13.25%,22.54%,7.20%,3.44%,17.73%,23.33%,2.85%,0.46%,17.12%,24.84%,3.45%,2.42%,16.58%,26.22%,9.54%,4.53%,20.82%,27.61%,-2.62%,5.12%,21.56%,25.97%,3.45%,2.16%,15.48%,22.20%,-2.38%,-0.35%,9.51%,24.31%
Free Cash Flow Margin,-16.62%,7.20%,4.36%,16.02%,-5.84%,-10.54%,-1.50%,14.33%,-1.80%,-30.05%,-6.42%,6.44%,1.80%,-24.14%,-18.30%,13.31%,-11.60%,-26.79%,-8.13%,27.50%,5.65%,-10.59%,-11.29%,15.75%,-26.11%,-23.15%,-13.28%,9.49%,-18.91%,-21.03%,-19.02%,4.44%,-28.69%,-2.90%,-15.39%,3.03%,-18.53%,-22.05%,-18.91%,3.21%
Effective Tax Rate,27.42%,28.89%,36.01%,35.58%,48.07%,33.02%,35.41%,35.18%,35.72%,30.06%,35.15%,34.97%,33.90%,15.30%,34.70%,34.33%,48.99%,-64.67%,20.89%,21.12%,20.67%,11.89%,10.59%,14.57%,-,-206.55%,17.50%,18.23%,-,-13.90%,17.75%,17.46%,-16.90%,19.70%,13.97%,13.91%,-,-,12.97%,12.53%
EBITDA,194.2,193.76,378.94,548.21,179.27,209.72,374.98,588.37,252.15,192.61,376.09,591.59,267.99,222.36,449.47,624.03,259.18,217.72,427.18,619.35,249.94,242.13,378.58,588.15,194.55,238.11,462.59,653.01,190.25,264.64,493.96,652.26,270.34,285.66,454.72,650.38,241.02,282.06,411.96,762.65
EBITDA Margin,27.75%,28.24%,41.81%,46.75%,24.68%,31.25%,42.10%,49.07%,34.33%,28.44%,41.09%,50.70%,36.25%,32.81%,47.58%,52.74%,34.12%,31.43%,43.85%,48.84%,33.04%,32.70%,43.54%,49.39%,29.02%,35.97%,49.76%,52.05%,25.68%,38.00%,49.38%,49.86%,33.84%,36.46%,42.83%,44.25%,23.88%,29.85%,36.73%,46.57%
Depreciation & Amortization,114.26,122.39,123.98,125.35,124.67,141.47,140.7,145.87,143.5,140.73,141.49,140.14,141.73,147.44,143,154,166.19,163.57,161.98,164.31,161.09,167.8,164.38,168.62,163.34,173.17,170.01,172.57,170.51,176.41,174.13,181.81,186.8,203.64,201.49,207.83,204.86,208.77,207.88,219.57
EBIT,79.94,71.37,254.96,422.86,54.6,68.25,234.28,442.5,108.66,51.88,234.6,451.45,126.27,74.92,306.47,470.04,92.99,54.16,265.19,455.04,88.85,74.32,214.2,419.54,31.21,64.94,292.59,480.44,19.73,88.24,319.84,470.46,83.54,82.02,253.23,442.55,36.17,73.28,204.08,543.08
EBIT Margin,11.42%,10.40%,28.13%,36.06%,7.52%,10.17%,26.30%,36.90%,14.79%,7.66%,25.63%,38.69%,17.08%,11.05%,32.45%,39.72%,12.24%,7.82%,27.22%,35.89%,11.75%,10.04%,24.63%,35.23%,4.66%,9.81%,31.47%,38.30%,2.66%,12.67%,31.98%,35.96%,10.46%,10.47%,23.85%,30.11%,3.58%,7.76%,18.19%,33.16%
