,2014-03-31,2014-06-30,2014-09-30,2014-12-31,2015-03-31,2015-06-30,2015-09-30,2015-12-31,2016-03-31,2016-06-30,2016-09-30,2016-12-31,2017-03-31,2017-06-30,2017-09-30,2017-12-31,2018-03-31,2018-06-30,2018-09-30,2018-12-31,2019-03-31,2019-06-30,2019-09-30,2019-12-31,2020-03-31,2020-06-30,2020-09-30,2020-12-31,2021-03-31,2021-06-30,2021-09-30,2021-12-31,2022-03-31,2022-06-30,2022-09-30,2022-12-31,2023-03-31,2023-06-30,2023-09-30,2023-12-31
Revenue,168.95,184.1,193.35,223.97,212.89,239.79,260.07,296.53,284.58,311.39,316.65,362.83,340.58,363.47,374.22,416.67,399,441.3,453.9,507,472.6,521.7,547.5,614.4,576.9,615.5,651.1,748,710.3,801.1,867.2,963.6,954.8,"1,030","1,150","1,283","1,262","1,293","1,335","1,415"
Revenue Growth (YoY),24.39%,24.87%,24.98%,26.29%,26.01%,30.25%,34.51%,32.40%,33.68%,29.86%,21.76%,22.36%,19.68%,16.72%,18.18%,14.84%,17.15%,21.41%,21.29%,21.68%,18.45%,18.22%,20.62%,21.18%,22.07%,17.98%,18.92%,21.74%,23.12%,30.15%,33.19%,28.82%,34.42%,28.59%,32.55%,33.15%,32.21%,25.50%,16.10%,10.30%
Cost of Revenue,50.74,57.76,56.89,65.62,63.6,69.5,71.7,81.98,77.75,84.5,84.8,90.89,90.56,95.65,93.65,105.42,97.2,113.1,111.6,128.5,113,128.3,124.1,140.5,128.7,135.1,139.2,167,156.6,186.9,211.2,228.3,253.8,250.8,283,297.3,307.8,295.8,317.7,315.9
Gross Profit,118.21,126.34,136.46,158.35,149.28,170.29,188.37,214.55,206.83,226.89,231.85,271.94,250.01,267.82,280.57,311.25,301.8,328.2,342.3,378.5,359.6,393.4,423.4,473.9,448.2,480.4,511.9,581,553.7,614.2,656,735.3,701,779.3,866.5,985.7,954.5,997,"1,017","1,099"
Selling & Marketing,67.33,74.82,80.43,93.23,100.61,111.93,120.99,136.84,147.4,162.69,154.83,162.87,170.4,166.34,172.36,191.93,185.3,192.8,198.3,205.9,215.9,226.5,227.4,257.1,260,253.8,266.7,291.4,304,326.9,347.1,367.7,387.6,415.5,427.1,455.9,478.3,515.9,504.4,507.4
General & Administrative,9.01,10.44,9.79,12.1,11.96,18.02,21.22,20.32,19.8,22.18,22.01,17.45,22.58,21.91,21.03,22.35,25,23.5,22.5,22,24.5,24.3,26.1,27.2,28.8,28.9,29.4,32.4,32,34.4,35.8,41.3,38.6,45.4,40.7,44.3,52.8,49.9,53.5,54.9
Research & Development,29.06,29.94,30.79,33.1,35.82,37.39,42.11,42.81,44.97,45.5,47.24,45.59,51.2,51.16,53.49,54.77,59.1,61.2,58.7,65.5,68.6,67.4,69.9,71.2,80.3,82.1,90,89,97.2,106.6,107.8,112.6,124.9,124.3,134.3,128.9,151.1,153.3,156.9,152.5
Other Operating Expenses,-0.39,-0.57,-1.01,-1.2,-0.68,-0.83,-0.65,-1.01,-1.31,-1.35,-0.79,-3.65,0.3,1.24,0.34,-1.18,-0.2,-5,0.9,-2.3,-0.5,-0.4,-6,-0.6,28.8,2,0.1,1.5,-0.9,2,-5.2,-2.9,-8,-8.1,0.2,7,3.2,-6.2,-5.9,0
Operating Expenses,105.39,115.2,121.01,138.43,148.39,167.34,184.32,199.97,212.17,230.38,224.08,225.91,244.17,239.41,246.87,269.05,269.4,277.5,279.5,293.4,309,318.2,323.4,355.5,369.1,364.8,386.1,412.8,433.2,467.9,490.7,521.6,551.1,585.2,602.1,629.1,682.2,718,714.8,715
Operating Income,12.82,11.14,15.45,19.92,0.9,2.95,-1.84,12.87,-5.67,-4.05,5.49,45.19,5.41,28.5,33.7,42.2,32.4,50.7,62.8,85.1,50.6,75.2,100,118.4,115.9,116.7,126.9,169.4,121.6,147.5,166.4,214.9,151,195.3,265.5,357.8,273.5,279,303.2,385.4
Interest Income,1.33,1.32,1.34,1.4,1.42,1.36,1.33,1.18,1.75,1.71,1.89,1.96,2.39,3.16,3.87,4.06,4.5,5.8,6.9,9.3,10.2,11,11.4,9.9,9.2,4,2.5,2,0,1.2,1.2,1,1.3,2.4,4.6,9.1,20.6,31.6,37,30.5
Interest Expense,1.33,1.32,1.34,1.4,1.42,1.36,1.33,1.18,1.75,1.71,1.89,1.96,2.39,3.16,3.87,4.06,4.5,5.8,6.9,9.3,10.2,11,11.4,9.9,9.2,4,2.5,2,-0.2,4.5,4.6,4.5,4.5,4.5,4.5,4.5,5,5.2,5.4,-5.4
Other Expense / Income,-0.94,-0.75,-0.33,-0.2,-0.75,-0.53,-0.68,-0.17,-0.43,-0.36,-1.1,1.69,-2.69,-4.41,-4.21,-2.88,-4.3,-0.8,-7.8,-7,-9.7,-10.6,-5.4,-9.3,-1.2,-4.9,-1.5,-2.3,2.4,-0.8,9.2,8.7,17.5,17.3,6.7,39.4,20.1,11.5,12.2,15.2
Pretax Income,13.76,11.89,15.79,20.12,1.64,3.49,-1.16,13.04,-5.24,-3.69,6.59,43.51,8.1,32.91,37.91,45.08,36.7,51.5,70.6,92.1,60.3,85.8,105.4,127.7,117.1,121.6,128.4,171.7,119.4,145,156.7,207.3,138.7,183.9,264.7,368.2,291.1,299.2,327.8,415.6
Income Tax,5.37,5.81,11.73,13.31,0.08,2.69,-9.33,15.57,-1.81,-2.3,0.3,18.34,-2.61,9.87,11.3,74.04,-4.9,2.2,11.9,-90.5,1.5,13.1,25.6,12.5,13.1,9.5,5,25,12.2,7.5,-9.3,3.7,-8.1,2.4,27.3,9.2,21.3,27.6,-0.3,95.2
Net Income,8.39,6.08,4.06,6.81,1.56,0.79,8.17,-2.53,-3.43,-1.39,6.29,25.17,10.72,23.03,26.61,-28.96,41.6,49.3,58.7,182.6,58.8,72.7,79.8,115.2,104,112.1,123.4,146.7,107.2,137.5,163.1,199,138.4,173.5,231.6,313.8,247.7,266.3,322.9,310.9
Net Income Growth,-31.48%,-32.28%,-63.22%,-43.30%,-81.41%,-86.98%,101.41%,-,-,-,-22.99%,-,-,-,322.99%,-,288.17%,114.04%,120.59%,-,41.35%,47.46%,35.95%,-36.91%,76.87%,54.20%,54.64%,27.34%,3.08%,22.66%,32.17%,35.65%,29.10%,26.18%,42.00%,57.69%,78.97%,53.49%,39.42%,-0.92%
Shares Outstanding (Basic),812,816,821,827,840,850,858,859,859,860,867,872,872,879,878,858,839,843,849,852,851,856,857,858,853,808,811,813,815,817,818,815,804,795,786,781,783,785,781,765
Shares Outstanding (Diluted),841,842,849,855,869,881,889,859,859,860,890,891,891,899,895,858,859,868,879,879,874,876,874,876,871,827,828,828,832,835,839,835,821,810,799,792,793,796,791,772
Shares Change,0.17%,0.18%,0.63%,1.22%,3.33%,4.69%,4.81%,0.53%,-1.14%,-2.36%,0.02%,3.75%,3.80%,4.43%,0.58%,-3.79%,-3.63%,-3.45%,-1.83%,2.49%,1.75%,0.92%,-0.51%,-0.34%,-0.34%,-5.54%,-5.26%,-5.54%,-4.48%,1.02%,1.28%,0.91%,-1.32%,-3.03%,-4.77%,-5.17%,-3.36%,-1.75%,-0.93%,-2.46%
EPS (Basic),0.01,0.01,0.00,0.01,0.00,0.00,0.01,-0.00,-0.00,-0.00,0.01,0.03,0.01,0.03,0.03,-0.03,0.05,0.06,0.07,0.21,0.07,0.08,0.09,0.13,0.12,0.14,0.15,0.18,0.13,0.17,0.20,0.24,0.18,0.22,0.29,0.40,0.32,0.34,0.41,0.41
EPS (Diluted),0.01,0.01,0.00,0.01,0.00,0.00,0.01,-0.00,-0.00,-0.00,0.01,0.03,0.01,0.03,0.03,-0.03,0.05,0.06,0.07,0.21,0.07,0.08,0.09,0.13,0.12,0.14,0.15,0.18,0.13,0.16,0.19,0.24,0.18,0.21,0.29,0.40,0.31,0.33,0.41,0.40
EPS Growth,-28.57%,-20.00%,-71.43%,-42.86%,-80.00%,-88.75%,150.00%,-,-,-,-20.00%,-,-,-,275.00%,-,300.00%,115.38%,120.00%,-,41.67%,50.00%,39.39%,-38.10%,76.47%,66.67%,63.04%,38.46%,8.33%,14.29%,26.67%,33.33%,38.46%,31.25%,52.63%,66.67%,72.22%,57.14%,41.38%,0%
Free Cash Flow,49.58,34.09,50.74,29.97,59.69,73.54,51.74,60.21,70.64,53.5,70.22,84.17,116.22,58.41,140.59,143.87,128.1,130.7,158.5,168.6,191.1,177.8,203.7,143.2,291.8,216.1,185.7,264.2,263.8,394.7,329.8,215.5,273.5,283.5,395.2,497.2,647.2,438.3,481.1,164.8
Free Cash Flow Per Share,0.06,0.04,0.06,0.04,0.07,0.08,0.06,0.07,0.08,0.06,0.08,0.09,0.13,0.07,0.16,0.17,0.15,0.15,0.18,0.19,0.22,0.20,0.23,0.16,0.34,0.26,0.22,0.32,0.32,0.47,0.39,0.26,0.33,0.35,0.49,0.63,0.82,0.55,0.61,0.21
Gross Margin,69.97%,68.63%,70.58%,70.70%,70.12%,71.02%,72.43%,72.35%,72.68%,72.86%,73.22%,74.95%,73.41%,73.68%,74.97%,74.70%,75.64%,74.37%,75.41%,74.65%,76.09%,75.41%,77.33%,77.13%,77.69%,78.05%,78.62%,77.67%,77.95%,76.67%,75.65%,76.31%,73.42%,75.65%,75.38%,76.83%,75.62%,77.12%,76.20%,77.68%
Operating Margin,7.59%,6.05%,7.99%,8.89%,0.42%,1.23%,-0.71%,4.34%,-1.99%,-1.30%,1.73%,12.46%,1.59%,7.84%,9.00%,10.13%,8.12%,11.49%,13.84%,16.79%,10.71%,14.41%,18.26%,19.27%,20.09%,18.96%,19.49%,22.65%,17.12%,18.41%,19.19%,22.30%,15.81%,18.96%,23.10%,27.89%,21.67%,21.58%,22.72%,27.23%
Profit Margin,4.97%,3.30%,2.10%,3.04%,0.73%,0.33%,3.14%,-0.85%,-1.20%,-0.45%,1.99%,6.94%,3.15%,6.34%,7.11%,-6.95%,10.43%,11.17%,12.93%,36.02%,12.44%,13.94%,14.58%,18.75%,18.03%,18.21%,18.95%,19.61%,15.09%,17.16%,18.81%,20.65%,14.50%,16.84%,20.15%,24.46%,19.62%,20.60%,24.19%,21.97%
Free Cash Flow Margin,29.35%,18.52%,26.24%,13.38%,28.04%,30.67%,19.89%,20.31%,24.82%,17.18%,22.18%,23.20%,34.13%,16.07%,37.57%,34.53%,32.11%,29.62%,34.92%,33.25%,40.44%,34.08%,37.21%,23.31%,50.58%,35.11%,28.52%,35.32%,37.14%,49.27%,38.03%,22.36%,28.64%,27.52%,34.38%,38.75%,51.27%,33.90%,36.05%,11.65%
Effective Tax Rate,39.00%,48.84%,74.30%,66.13%,5.05%,77.28%,-,119.44%,-,-,4.52%,42.16%,-32.24%,30.00%,29.80%,164.25%,-13.35%,4.27%,16.86%,-98.26%,2.49%,15.27%,24.29%,9.79%,11.19%,7.81%,3.89%,14.56%,10.22%,5.17%,-5.93%,1.78%,-5.84%,1.31%,10.31%,2.50%,7.32%,9.22%,-0.09%,22.91%
EBITDA,17.24,17.63,21.06,25.43,7.25,9.98,18.75,25.68,5.53,8.35,23.11,60.48,19.76,42.32,47.41,56.47,45.6,64.3,77,99.8,50.6,90.4,115,118.4,96.7,133.4,125.8,184.9,137.8,168.4,184.2,237.1,168.7,213.5,295.6,400,323.6,331.8,361.5,385.4
EBITDA Margin,10.20%,9.58%,10.89%,11.35%,3.41%,4.16%,7.21%,8.66%,1.94%,2.68%,7.30%,16.67%,5.80%,11.64%,12.67%,13.55%,11.43%,14.57%,16.96%,19.68%,10.71%,17.33%,21.00%,19.27%,16.76%,21.67%,19.32%,24.72%,19.40%,21.02%,21.24%,24.61%,17.67%,20.73%,25.72%,31.18%,25.64%,25.67%,27.09%,27.23%
Depreciation & Amortization,4.42,6.49,5.61,5.51,6.35,7.03,8.82,9.38,10.55,11.29,13.06,13.62,13.49,14,13.72,14.27,13.2,13.6,14.2,14.7,15.7,15.2,15,15.7,17.6,17.8,16.7,16.7,17.3,18.9,22.9,25.3,25.5,25.1,26.4,27.3,27.5,27.4,28.3,0
EBIT,12.82,11.14,15.45,19.92,0.9,2.95,9.93,16.3,-5.02,-2.94,10.05,46.86,6.27,28.32,33.7,42.2,32.4,50.7,62.8,85.1,34.9,75.2,100,102.7,79.1,115.6,109.1,168.2,120.5,149.5,161.3,211.8,143.2,188.4,269.2,372.7,296.1,304.4,333.2,-
EBIT Margin,7.59%,6.05%,7.99%,8.89%,0.42%,1.23%,3.82%,5.50%,-1.76%,-0.94%,3.18%,12.91%,1.84%,7.79%,9.00%,10.13%,8.12%,11.49%,13.84%,16.79%,7.38%,14.41%,18.26%,16.72%,13.71%,18.78%,16.76%,22.49%,16.96%,18.66%,18.60%,21.98%,15.00%,18.29%,23.42%,29.05%,23.46%,23.55%,24.97%,-
