,2013-12-31,2014-03-31,2014-06-30,2014-09-30,2014-12-31,2015-03-31,2015-06-30,2015-09-30,2015-12-31,2016-03-31,2016-06-30,2016-09-30,2016-12-31,2017-03-31,2017-06-30,2017-09-30,2017-12-31,2018-03-31,2018-06-30,2018-09-30,2018-12-31,2019-03-31,2019-06-30,2019-09-30,2019-12-31,2020-03-31,2020-06-30,2020-09-30,2020-12-31,2021-03-31,2021-06-30,2021-09-30,2021-12-31,2022-03-31,2022-06-30,2022-09-30,2022-12-31,2023-03-31,2023-06-30,2023-09-30
Revenue,435.98,453.5,476.04,498.04,536.3,526.54,540.72,551.03,579.16,567.73,572.14,584.07,624.06,600.29,605.83,624.44,658.47,668.72,662.76,669.63,713.36,706.51,705.07,709.91,772.12,764.3,794.72,792.85,846.29,842.71,852.82,860.33,905.36,903.65,903.33,881.9,927.78,915.7,935.72,965.48
Revenue Growth (YoY),15.38%,23.22%,25.90%,25.83%,23.01%,16.10%,13.59%,10.64%,7.99%,7.82%,5.81%,6.00%,7.75%,5.74%,5.89%,6.91%,5.51%,11.40%,9.40%,7.24%,8.34%,5.65%,6.38%,6.02%,8.24%,8.18%,12.71%,11.68%,9.61%,10.26%,7.31%,8.51%,6.98%,7.23%,5.92%,2.51%,2.48%,1.33%,3.59%,9.48%
Cost of Revenue,133.95,139.61,149.32,158.81,163.2,169.29,179.91,183.2,193.21,194.74,206.32,204.47,203.58,205.73,214.68,225.49,229.94,234.83,235.49,239.25,243.93,240.74,242.19,246.94,257.75,268.58,276.8,283.44,303.85,306.69,320,316.87,325.4,332.75,346.65,346.45,357.97,361.32,373.28,383.08
Gross Profit,302.03,313.89,326.72,339.23,373.09,357.24,360.81,367.83,385.95,372.99,365.81,379.6,420.48,394.57,391.15,398.95,428.53,433.9,427.27,430.38,469.44,465.77,462.88,462.97,514.37,495.72,517.91,509.41,542.44,536.02,532.82,543.47,579.96,570.9,556.68,535.45,569.81,554.38,562.45,582.41
"Selling, General & Admin",153.91,157.23,173.34,178.12,196.19,193.07,210.65,206.97,218.56,204.49,210.76,215.95,236.6,229.5,241.46,242.39,277.34,276.94,301.89,245.23,267.36,249.11,255.22,245.47,290.17,251.15,253.18,251.11,302.85,253.07,246.19,242.78,272.95,275.98,267.88,263.36,279.39,275.25,288.37,279.64
Research & Development,26.52,28.23,32.05,32.58,32.42,35.83,36.69,38.4,37.67,40.84,37.69,42.34,46.76,52.16,53.37,57.23,59.67,65.07,59.71,61.05,60.34,66.14,61.44,64.89,68.9,71.22,64.09,66.77,67.23,82.05,77.26,82.9,93.17,99.94,92.07,94.05,105.38,91.86,99.04,105.94
Other Operating Expenses,5.85,7.58,8.97,8.29,8.4,6.82,7.21,6.77,7.03,13.53,7.18,9.55,6.68,7.57,10.72,8.09,59.41,23.34,8.56,7.56,21.44,15.99,10.44,9.32,19.98,21.02,10.21,10.36,37.74,18.54,9.95,12.52,17.74,21.66,21.69,17.6,17.56,60.64,25.26,20.7
Operating Expenses,186.27,193.04,214.37,218.99,237.01,235.72,254.55,252.14,263.27,258.87,255.63,267.83,290.04,289.23,305.56,307.7,396.42,365.34,370.16,313.85,349.15,331.24,327.1,319.69,379.05,343.39,327.48,328.25,407.82,353.66,333.39,338.2,383.87,397.58,381.64,375.01,402.34,427.74,412.66,406.28
Operating Income,115.76,120.85,112.35,120.24,136.08,121.52,106.26,115.69,122.68,114.12,110.18,111.77,130.45,105.33,85.59,91.25,32.11,68.56,57.12,116.54,120.29,134.53,135.78,143.29,135.32,152.33,190.43,181.16,134.62,182.36,199.43,205.27,196.09,173.32,175.04,160.44,167.48,126.64,149.79,176.13
Interest Expense / Income,0,1.94,4.52,4.48,4.52,4.58,4.68,4.63,4.64,4.65,4.64,4.67,4.68,4.6,4.65,4.75,4.85,4.85,9.2,14.57,14.58,12.12,8.45,12.13,16.68,17.21,17.25,17.32,17.34,17.83,18.04,18.14,18.32,2.7,2.93,2.79,2.68,2.68,3.16,4.99
Other Expense / Income,-1.14,-0.76,-0.84,-1.82,-2.3,-2.7,-0.94,-2.93,-2.44,-3.13,-3.81,-4.59,-6.96,-3.94,-4.84,-5,-4.96,-3.99,-3.64,-8.8,-7.37,-9.15,-5.83,-5.77,-11.09,-2.31,-7.41,-3.59,-0.25,-3.06,6.89,-5.44,-1.78,17.41,1.52,-0.51,-3.61,-2.93,-3.38,-9.73
Pretax Income,116.9,119.66,108.68,117.58,133.86,119.65,102.52,113.99,120.48,112.6,109.35,111.69,132.73,104.68,85.79,91.51,32.22,67.69,51.55,110.77,113.07,131.56,133.17,136.93,129.73,137.44,180.59,167.42,117.53,167.59,174.51,192.56,179.55,153.21,170.6,158.16,168.4,126.89,150.01,180.87
Income Tax,36.55,46.86,35.79,26.42,36.75,41.9,35.32,25.95,32.06,37.74,35.71,35.69,36.5,30.09,29.04,27.59,4.7,13.98,8.49,3.19,19.06,24.43,19.25,-0.96,10.63,14.29,18.67,8.8,4.16,11.9,18.01,13.65,19.02,19.84,32.76,34.47,-8.42,29.78,21.19,20.33
Net Income,80.35,72.8,72.89,91.16,97.11,77.75,67.2,88.04,88.42,74.86,73.64,76,96.23,74.58,56.75,63.91,27.52,53.71,43.06,107.58,94.02,107.13,113.92,137.89,119.1,123.15,161.92,158.62,113.37,155.7,156.5,178.92,160.53,133.38,137.84,123.69,176.82,97.11,128.82,160.54
Net Income Growth,17.66%,1.84%,17.76%,14.29%,20.86%,6.79%,-7.80%,-3.42%,-8.95%,-3.71%,9.58%,-13.68%,8.84%,-0.37%,-22.93%,-15.91%,-71.40%,-27.98%,-24.12%,68.33%,241.62%,99.45%,164.54%,28.17%,26.68%,14.95%,42.14%,15.04%,-4.81%,26.43%,-3.35%,12.79%,41.60%,-14.34%,-11.92%,-30.86%,10.14%,-27.19%,-6.55%,29.79%
Shares Outstanding (Basic),179,179,178,178,178,179,179,179,178,176,175,174,173,173,173,171,169,170,170,166,163,163,163,162,162,162,162,163,163,163,163,163,162,160,160,159,157,156,152,151
Shares Outstanding (Diluted),182,182,181,181,181,181,181,180,180,178,176,176,175,175,173,172,171,172,172,168,165,165,165,165,164,164,165,167,166,166,166,166,165,164,162,159,157,156,153,155
Shares Change,0.26%,0.26%,-0.30%,-0.53%,-0.74%,-0.67%,-0.06%,-0.33%,-0.65%,-1.82%,-2.39%,-2.63%,-2.48%,-1.33%,-1.69%,-2.34%,-2.60%,-1.81%,-0.65%,-2.10%,-3.62%,-4.20%,-4.23%,-1.99%,-0.38%,-0.67%,-0.15%,1.19%,1.19%,1.22%,0.91%,-0.12%,-0.56%,-1.24%,-2.74%,-4.36%,-4.54%,-4.58%,-5.11%,-2.57%
EPS (Basic),0.45,0.41,0.41,0.51,0.54,0.44,0.38,0.49,0.50,0.42,0.42,0.44,0.55,0.43,0.33,0.37,0.17,0.32,0.25,0.65,0.57,0.66,0.70,0.85,0.74,0.76,1.00,0.97,0.70,0.95,0.96,1.10,1.00,0.83,0.86,0.78,1.12,0.62,0.85,1.06
EPS (Diluted),0.44,0.40,0.40,0.50,0.53,0.43,0.37,0.49,0.49,0.42,0.42,0.43,0.55,0.43,0.33,0.37,0.16,0.31,0.25,0.64,0.56,0.65,0.69,0.84,0.72,0.75,0.98,0.95,0.68,0.94,0.94,1.08,0.97,0.82,0.85,0.78,1.11,0.62,0.84,1.04
EPS Growth,18.92%,2.56%,17.65%,13.64%,20.45%,7.50%,-7.50%,-2.00%,-7.55%,-2.33%,13.51%,-12.24%,12.24%,2.38%,-21.43%,-13.95%,-70.91%,-27.91%,-24.24%,72.97%,250.00%,109.68%,176.00%,31.25%,28.57%,15.38%,42.03%,13.10%,-5.56%,25.33%,-4.08%,13.68%,42.65%,-12.77%,-9.57%,-27.78%,14.43%,-24.39%,-1.18%,33.33%
Free Cash Flow,108.64,5.02,129.71,101.5,103.22,-37.34,168.01,49.54,168.26,109.03,166.23,171.98,108.28,51.44,127.63,116.55,90.59,78.94,131.05,223.78,168.82,18.42,184.58,144.75,148.47,7.81,178.45,173.21,123.65,85.07,223.56,273.49,277.21,91.09,223.26,271.31,230.71,11.25,190.02,161.82
Free Cash Flow Per Share,0.61,0.03,0.73,0.57,0.58,-0.21,0.94,0.28,0.95,0.62,0.95,0.99,0.63,0.30,0.74,0.68,0.54,0.46,0.77,1.35,1.04,0.11,1.13,0.89,0.92,0.05,1.10,1.06,0.76,0.52,1.37,1.68,1.71,0.57,1.40,1.71,1.47,0.07,1.25,1.07
Gross Margin,69.28%,69.21%,68.63%,68.11%,69.57%,67.85%,66.73%,66.75%,66.64%,65.70%,63.94%,64.99%,67.38%,65.73%,64.56%,63.89%,65.08%,64.88%,64.47%,64.27%,65.81%,65.92%,65.65%,65.22%,66.62%,64.86%,65.17%,64.25%,64.10%,63.61%,62.48%,63.17%,64.06%,63.18%,61.63%,60.72%,61.42%,60.54%,60.11%,60.32%
Operating Margin,26.55%,26.65%,23.60%,24.14%,25.37%,23.08%,19.65%,21.00%,21.18%,20.10%,19.26%,19.14%,20.90%,17.55%,14.13%,14.61%,4.88%,10.25%,8.62%,17.40%,16.86%,19.04%,19.26%,20.18%,17.53%,19.93%,23.96%,22.85%,15.91%,21.64%,23.39%,23.86%,21.66%,19.18%,19.38%,18.19%,18.05%,13.83%,16.01%,18.24%
Profit Margin,18.43%,16.05%,15.31%,18.30%,18.11%,14.77%,12.43%,15.98%,15.27%,13.19%,12.87%,13.01%,15.42%,12.42%,9.37%,10.23%,4.18%,8.03%,6.50%,16.07%,13.18%,15.16%,16.16%,19.42%,15.43%,16.11%,20.37%,20.01%,13.40%,18.48%,18.35%,20.80%,17.73%,14.76%,15.26%,14.03%,19.06%,10.60%,13.77%,16.63%
Free Cash Flow Margin,24.92%,1.11%,27.25%,20.38%,19.25%,-7.09%,31.07%,8.99%,29.05%,19.21%,29.05%,29.45%,17.35%,8.57%,21.07%,18.66%,13.76%,11.80%,19.77%,33.42%,23.67%,2.61%,26.18%,20.39%,19.23%,1.02%,22.45%,21.85%,14.61%,10.10%,26.21%,31.79%,30.62%,10.08%,24.72%,30.76%,24.87%,1.23%,20.31%,16.76%
Effective Tax Rate,31.26%,39.16%,32.93%,22.47%,27.45%,35.02%,34.45%,22.76%,26.61%,33.52%,32.66%,31.95%,27.50%,28.75%,33.85%,30.16%,14.58%,20.65%,16.47%,2.88%,16.85%,18.57%,14.46%,-0.70%,8.20%,10.40%,10.34%,5.26%,3.54%,7.10%,10.32%,7.09%,10.59%,12.95%,19.20%,21.79%,-5.00%,23.47%,14.13%,11.24%
EBITDA,166.87,175.12,171.9,189.48,206.14,194.68,181.19,193.4,205.45,197.92,199.1,200.86,221.42,195.81,179.64,193.43,136.47,176.64,167.06,233.17,243.95,251.88,247.68,259.66,262.21,270.85,313.42,303.64,262.58,316.9,330.26,350.46,339.57,298.5,324.13,311.93,319.65,265.02,292.29,334.42
EBITDA Margin,38.27%,38.62%,36.11%,38.04%,38.44%,36.97%,33.51%,35.10%,35.47%,34.86%,34.80%,34.39%,35.48%,32.62%,29.65%,30.98%,20.72%,26.41%,25.21%,34.82%,34.20%,35.65%,35.13%,36.58%,33.96%,35.44%,39.44%,38.30%,31.03%,37.60%,38.73%,40.73%,37.51%,33.03%,35.88%,35.37%,34.45%,28.94%,31.24%,34.64%
Depreciation & Amortization,49.98,53.52,58.71,67.42,67.76,70.46,73.99,74.79,80.33,80.67,85.11,84.51,84.01,86.53,89.21,97.18,99.4,104.1,106.3,107.83,116.29,108.21,106.07,110.6,115.8,116.21,115.58,118.89,127.71,131.47,137.72,139.75,141.7,142.6,150.6,150.99,148.57,135.46,139.13,148.56
EBIT,116.9,121.61,113.19,122.06,138.38,124.22,107.2,118.62,125.12,117.25,113.99,116.35,137.41,109.27,90.44,96.25,37.07,72.54,60.76,125.34,127.66,143.67,141.61,149.06,146.41,154.64,197.84,184.75,134.87,185.43,192.54,210.71,197.87,155.91,173.53,160.95,171.08,129.57,153.16,185.86
EBIT Margin,26.81%,26.81%,23.78%,24.51%,25.80%,23.59%,19.82%,21.53%,21.60%,20.65%,19.92%,19.92%,22.02%,18.20%,14.93%,15.41%,5.63%,10.85%,9.17%,18.72%,17.89%,20.34%,20.08%,21.00%,18.96%,20.23%,24.89%,23.30%,15.94%,22.00%,22.58%,24.49%,21.86%,17.25%,19.21%,18.25%,18.44%,14.15%,16.37%,19.25%
