,2013-12-31,2014-03-31,2014-06-30,2014-09-30,2014-12-31,2015-03-31,2015-06-30,2015-09-30,2015-12-31,2016-03-31,2016-06-30,2016-09-30,2016-12-31,2017-03-31,2017-06-30,2017-09-30,2017-12-31,2018-03-31,2018-06-30,2018-09-30,2018-12-31,2019-03-31,2019-06-30,2019-09-30,2019-12-31,2020-03-31,2020-06-30,2020-09-30,2020-12-31,2021-03-31,2021-06-30,2021-09-30,2021-12-31,2022-03-31,2022-06-30,2022-09-30,2022-12-31,2023-03-31,2023-06-30,2023-09-30
Revenue,68.53,69.16,72.01,74.99,15.16,48.15,60.55,71.39,83.8,81.21,87.33,94.87,103.58,101.71,109.76,121.78,130.56,123.58,124.26,151.08,164.88,159.6,177.1,192.1,209.4,198,226.3,234,246.1,252.3,263.2,275.6,307.7,295.4,299.4,340.8,369.7,358.1,396.5,432.7
Revenue Growth (YoY),18.51%,20.58%,19.84%,22.72%,-77.88%,-30.38%,-15.92%,-4.79%,452.70%,68.67%,44.23%,32.89%,23.60%,25.24%,25.68%,28.36%,26.05%,21.50%,13.22%,24.06%,26.29%,29.15%,42.52%,27.15%,27.00%,24.06%,27.78%,21.81%,17.53%,27.42%,16.31%,17.78%,25.03%,17.08%,13.75%,23.66%,20.15%,21.23%,32.43%,26.97%
Cost of Revenue,35.52,36.35,36.25,36.94,-5.35,18.96,30.04,39.82,41.81,37.16,36.87,39.23,42.64,42.32,45.12,48.15,51.02,47.76,42.19,49.11,54.54,52.9,60.7,69,75.3,71.1,83.8,82.2,85,84.8,80.5,86.9,94.5,85.7,109.1,152.5,152.4,117.6,131.6,139.4
Gross Profit,33.02,32.81,35.77,38.04,20.51,29.19,30.52,31.57,41.99,44.05,50.46,55.64,60.94,59.4,64.64,73.62,79.54,75.82,82.07,101.97,110.34,106.7,116.4,123.1,134.1,126.9,142.5,151.8,161.1,167.5,182.7,188.7,213.2,209.7,190.3,188.3,217.3,240.5,264.9,293.3
"Selling, General & Admin",26.39,27.92,34.37,33.76,12.06,28.25,32.51,36.33,41.71,38.76,38.79,39.49,49.04,47.21,49.97,51.44,60.29,55.55,58.95,72.77,60.74,66.9,75.8,74.8,80.5,83.9,80.8,89.2,130.1,110.5,116.3,117.5,121.7,128.7,174.4,140.4,144.3,162.7,178.7,180.7
Research & Development,6.42,6.78,6.68,7.16,7.29,8.21,12.07,10.04,12.9,12.99,12.95,13.73,16.03,17.5,18.03,20.14,20.03,20.27,18.8,22.34,33.4,32.5,33,31.3,35.5,35.5,34.2,38.8,38.3,40.7,40.1,37.5,41.8,43.1,42.6,45,49.5,50.1,55.1,57.8
Operating Expenses,32.81,34.69,41.05,40.92,19.34,36.46,44.57,46.37,54.61,51.75,51.75,53.22,65.07,64.71,68,71.58,80.32,75.82,77.75,95.1,94.13,99.4,108.8,106.1,116,119.4,115,128,168.4,151.2,156.4,155,163.5,171.8,217,185.4,193.8,212.8,233.8,238.5
Operating Income,0.21,-1.89,-5.28,-2.88,1.17,-7.27,-14.06,-14.8,-12.62,-7.7,-1.29,2.42,-4.14,-5.31,-3.36,2.05,-0.78,0,4.33,6.87,16.21,7.3,7.6,17,18.1,7.5,27.5,23.8,-7.3,16.3,26.3,33.7,49.7,37.9,-26.7,2.9,23.5,27.7,31.1,54.8
Interest Expense / Income,2.86,4.19,23.78,7.95,-21.34,3.15,3.19,3.15,3.16,2.93,3,5.37,4.82,4.57,4.31,4.15,8.17,6.24,7.29,6.85,-0.74,4.8,5.8,7.7,9.4,10.1,11.1,11.4,12.5,13.4,16.4,16.3,15.1,8.9,8.3,9.2,2.7,2.9,2.4,10.4
Other Expense / Income,-,-,-,-,27.99,1.39,-1.84,0.94,11.42,1.79,-0.15,0.06,-0.03,-,-,-,-2,-,-1.69,-1.83,6.09,-2.2,-0.1,8.2,1.9,-,-1,-1,-1.3,2.6,38.3,2.2,1.2,-0.3,1.1,-0.6,-1.5,0.2,0.2,-9.3
Pretax Income,-2.65,-6.08,-29.06,-10.82,-5.48,-11.81,-15.42,-18.88,-27.2,-12.42,-4.13,-3.02,-8.92,-9.88,-7.67,-2.11,-6.95,-6.24,-1.28,1.85,10.86,4.7,1.9,1.1,6.8,-2.6,17.4,13.4,-18.5,0.3,-28.4,15.2,33.4,29.3,-36.1,-5.7,22.3,24.6,28.5,53.7
Income Tax,-0.15,0.07,0.05,0.02,-0.08,0.02,0.02,0.04,0.13,0.06,0.07,0.07,0.2,0.1,0.1,0.12,-0.12,0.33,0.41,0.19,0.96,0.3,0.5,0.3,1.8,-0.5,3,1.8,-1.4,0.3,-3.4,2.6,4.2,1.5,-1.1,-0.5,5.3,0.8,1.2,1.8
Net Income,-2.5,-6.14,-29.11,-10.85,-5.4,-11.83,-15.43,-18.93,-27.33,-12.48,-4.2,-3.08,-9.12,-9.98,-7.77,-2.23,-6.83,-6.57,-1.69,1.66,9.9,4.4,1.4,0.8,5,-2.1,14.4,11.6,-17.1,0,-25,12.6,29.2,27.8,-35,-5.2,17,23.8,27.3,51.9
Net Income Growth,-,-,-,-,-,-,-,-,-,-,-,-,-,-,-,-,-,-,-,-,-,-,-,-51.78%,-49.50%,-,928.57%,1350.00%,-,-,-,8.62%,-,-,-,-,-41.78%,-14.39%,-,-
Shares Outstanding (Basic),55,55,55,56,56,56,57,57,57,57,57,57,57,58,58,58,58,58,59,59,59,59,60,61,62,63,64,66,66,66,67,69,69,69,69,69,69,70,70,70
Shares Outstanding (Diluted),55,55,55,56,56,56,57,57,57,57,57,57,57,58,58,58,58,58,59,61,68,61,61,62,64,63,66,67,67,66,67,70,73,70,69,69,72,70,70,74
Shares Change,13.40%,3.84%,2.96%,2.50%,2.72%,2.56%,2.49%,1.93%,1.36%,0.94%,0.68%,0.78%,0.88%,1.16%,1.37%,1.32%,1.39%,1.37%,1.48%,5.24%,16.23%,4.56%,4.51%,1.94%,-5.41%,2.84%,6.66%,7.21%,4.62%,5.13%,1.70%,4.18%,8.39%,5.66%,3.99%,-0.29%,-1.37%,0.34%,1.13%,6.06%
EPS (Basic),-0.04,-0.11,-0.53,-0.19,-0.09,-0.21,-0.27,-0.34,-0.47,-0.22,-0.08,-0.05,-0.16,-0.17,-0.13,-0.04,-0.12,-0.11,-0.03,0.03,0.17,0.07,0.02,0.01,0.08,-0.03,0.22,0.18,-0.26,-,-0.37,0.18,0.43,0.40,-0.50,-0.08,0.25,0.34,0.39,0.74
EPS (Diluted),-0.04,-0.11,-0.53,-0.19,-0.09,-0.21,-0.27,-0.34,-0.47,-0.22,-0.08,-0.05,-0.16,-0.17,-0.13,-0.04,-0.12,-,-0.03,0.03,0.16,0.07,0.02,0.01,0.08,-0.03,0.22,0.17,-0.26,-,-0.37,0.18,0.42,0.40,-0.50,-0.08,0.25,0.34,0.39,0.74
EPS Growth,-,-,-,-,-,-,-,-,-,-,-,-,-,-,-,-,-,-,-,-,-,-,-,-66.67%,-50.00%,-,1000.00%,1600.00%,-,-,-,5.88%,-,-,-,-,-40.48%,-15.00%,-,-
Free Cash Flow,-6.31,-3.17,-3.08,1.71,1.97,-7.83,0.53,6.22,-22.08,-13.68,0.94,-10.62,17.16,-47.51,4.58,14.53,-4.09,-39.64,-58.49,-21.27,-2.11,-37.9,-33.6,8.4,-2.2,-30.5,1.6,17.7,-71.3,-68,-1.6,-53.1,-68.1,-29.6,6.2,22.8,-26.6,-11.5,25.9,33.6
Free Cash Flow Per Share,-0.12,-0.06,-0.06,0.03,0.04,-0.14,0.01,0.11,-0.39,-0.24,0.02,-0.18,0.30,-0.82,0.08,0.25,-0.07,-0.68,-0.99,-0.36,-0.04,-0.64,-0.56,0.14,-0.04,-0.48,0.03,0.27,-1.08,-1.03,-0.02,-0.77,-0.99,-0.43,0.09,0.33,-0.38,-0.17,0.37,0.48
Gross Margin,48.18%,47.44%,49.66%,50.73%,135.28%,60.63%,50.40%,44.22%,50.11%,54.24%,57.78%,58.65%,58.83%,58.40%,58.89%,60.46%,60.92%,61.35%,66.05%,67.50%,66.92%,66.85%,65.73%,64.08%,64.04%,64.09%,62.97%,64.87%,65.46%,66.39%,69.41%,68.47%,69.29%,70.99%,63.56%,55.25%,58.78%,67.16%,66.81%,67.78%
Operating Margin,0.30%,-2.73%,-7.33%,-3.84%,7.70%,-15.09%,-23.22%,-20.72%,-15.05%,-9.48%,-1.47%,2.55%,-3.99%,-5.22%,-3.06%,1.68%,-0.60%,-,3.48%,4.54%,9.83%,4.57%,4.29%,8.85%,8.64%,3.79%,12.15%,10.17%,-2.97%,6.46%,9.99%,12.23%,16.15%,12.83%,-8.92%,0.85%,6.36%,7.74%,7.84%,12.66%
Profit Margin,-3.65%,-8.88%,-40.42%,-14.46%,-35.62%,-24.58%,-25.49%,-26.51%,-32.61%,-15.37%,-4.81%,-3.25%,-8.80%,-9.81%,-7.08%,-1.83%,-5.23%,-5.32%,-1.36%,1.10%,6.00%,2.76%,0.79%,0.42%,2.39%,-1.06%,6.36%,4.96%,-6.95%,-,-9.50%,4.57%,9.49%,9.41%,-11.69%,-1.53%,4.60%,6.65%,6.89%,11.99%
Free Cash Flow Margin,-9.20%,-4.59%,-4.28%,2.29%,13.02%,-16.27%,0.88%,8.71%,-26.34%,-16.84%,1.07%,-11.20%,16.57%,-46.71%,4.17%,11.93%,-3.14%,-32.08%,-47.07%,-14.08%,-1.28%,-23.75%,-18.97%,4.37%,-1.05%,-15.40%,0.71%,7.56%,-28.97%,-26.95%,-0.61%,-19.27%,-22.13%,-10.02%,2.07%,6.69%,-7.20%,-3.21%,6.53%,7.77%
Effective Tax Rate,-,-,-,-,-,-,-,-,-,-,-,-,-,-,-,-,-,-,-,10.47%,8.85%,6.38%,26.32%,27.27%,26.47%,-,17.24%,13.43%,-,100.00%,-,17.11%,12.57%,5.12%,-,-,23.77%,3.25%,4.21%,3.35%
EBITDA,3.15,1.18,-2.25,0.19,-23.77,-5.23,-8.54,-11.45,-19.6,-6.07,2.29,5.98,-0.74,-1.99,0.03,5.87,4.59,3.52,9.62,12.82,14.46,14.6,13.6,16.6,25.3,16.4,38.4,35.7,19.7,26.5,3.2,46,63.4,53.5,-12,19.4,41.2,44.7,49,82.8
EBITDA Margin,4.60%,1.71%,-3.12%,0.26%,-156.74%,-10.85%,-14.11%,-16.03%,-23.39%,-7.47%,2.62%,6.31%,-0.72%,-1.95%,0.02%,4.82%,3.51%,2.85%,7.74%,8.49%,8.77%,9.15%,7.68%,8.64%,12.08%,8.28%,16.97%,15.26%,8.00%,10.50%,1.22%,16.69%,20.60%,18.11%,-4.01%,5.69%,11.14%,12.48%,12.36%,19.14%
Depreciation & Amortization,2.95,3.07,3.03,3.07,3.06,3.43,3.68,4.29,4.43,3.42,3.42,3.63,3.36,3.32,3.38,3.83,3.37,3.52,3.61,4.12,4.35,5.1,5.9,7.8,9.1,8.9,9.9,10.9,25.7,12.8,15.2,14.5,14.9,15.3,15.8,15.9,16.2,17.2,18.1,18.7
EBIT,0.21,-1.89,-5.28,-2.88,-26.82,-8.66,-12.22,-15.74,-24.04,-9.49,-1.14,2.35,-4.1,-5.31,-3.36,2.05,1.22,0,6.01,8.7,10.12,9.5,7.7,8.8,16.2,7.5,28.5,24.8,-6,13.7,-12,31.5,48.5,38.2,-27.8,3.5,25,27.5,30.9,64.1
EBIT Margin,0.30%,-2.73%,-7.33%,-3.84%,-176.89%,-17.98%,-20.19%,-22.04%,-28.68%,-11.69%,-1.30%,2.48%,-3.96%,-5.22%,-3.06%,1.68%,0.93%,-,4.84%,5.76%,6.14%,5.95%,4.35%,4.58%,7.74%,3.79%,12.59%,10.60%,-2.44%,5.43%,-4.56%,11.43%,15.76%,12.93%,-9.29%,1.03%,6.76%,7.68%,7.79%,14.81%
