,2013-12-31,2014-03-30,2014-06-29,2014-09-28,2014-12-31,2015-04-05,2015-07-05,2015-10-04,2015-12-31,2016-04-03,2016-07-03,2016-10-02,2016-12-31,2017-04-02,2017-07-02,2017-10-01,2017-12-31,2018-04-01,2018-07-01,2018-09-30,2018-12-31,2019-03-31,2019-06-30,2019-09-29,2019-12-31,2020-03-29,2020-06-28,2020-09-27,2020-12-31,2021-04-04,2021-07-04,2021-10-03,2021-12-31,2022-04-03,2022-07-03,2022-10-02,2022-12-31,2023-04-02,2023-07-02,2023-10-01
Revenue,285.3,321.01,525.57,478.01,323.24,342.4,512.74,465.99,318.45,430.99,531.79,410.48,379.99,456.91,696.9,503.38,479.42,487.47,526.93,566.85,519.56,494.1,564.18,582.04,654.65,704.36,838.66,819.48,758.97,781.61,"1,086",950.5,885.05,755.37,840.77,827.07,731.84,617.53,684.44,703.73
Revenue Growth (YoY),14.85%,14.50%,22.54%,10.30%,13.30%,6.66%,-2.44%,-2.51%,-1.48%,25.87%,3.72%,-11.91%,19.33%,6.01%,31.05%,22.63%,26.17%,6.69%,-24.39%,12.61%,8.37%,1.36%,7.07%,2.68%,26.00%,42.55%,48.65%,40.80%,15.94%,10.97%,29.46%,15.99%,16.61%,-3.36%,-22.56%,-12.99%,-17.31%,-18.25%,-18.59%,-14.91%
Cost of Revenue,125.44,153.96,235.15,216.89,163.01,149.98,214.17,207.37,152.42,200.66,248.92,183.12,161.94,191.9,306.26,208.51,208.49,217.64,219.6,233.16,210.02,206.46,240.26,237,271.41,298.81,367.19,360.56,309.18,319.99,438.74,379.5,358,300.44,334.38,341.69,311.39,261.11,281.95,305.44
Gross Profit,159.86,167.05,290.41,261.12,160.23,192.42,298.57,258.63,166.03,230.33,282.87,227.36,218.05,265.02,390.64,294.87,270.93,269.83,307.33,333.69,309.54,287.64,323.92,345.04,383.24,405.55,471.47,458.93,449.79,461.62,646.99,571,527.05,454.93,506.39,485.38,420.45,356.42,402.49,398.29
"Selling, General & Admin",69.52,78,77.49,73.06,91.16,72.04,77.07,77.48,79.72,79.17,81.43,78.79,77.15,84.79,90.11,86.13,87.88,90.51,99.41,100.2,100.55,102.01,108.81,109.17,117.09,111.39,113.26,115.84,124.28,129.8,140.19,134.83,142.75,140.19,139.53,135.63,142.75,150.96,145.7,138.33
Research & Development,64.61,67.09,73.41,71.95,79.19,71.45,75.83,74.03,70.94,73.46,76.11,71.4,71.19,75.98,82.27,76.99,72.07,74.41,75.34,77.05,74.71,76.79,81.43,77.8,86.79,85.16,94.1,94.91,100.79,100.4,110.02,107.22,109.97,108.12,111.95,111.72,108.81,105.76,105.71,104.41
Other Operating Expenses,18.88,18.27,18.84,17.87,116.05,13.81,14.87,20.31,25.12,21.58,357.14,20.66,13.49,10.46,10.45,2.62,16.36,7.39,12.18,12.85,22.01,15.75,-0.32,3.15,7.7,2.29,46.16,-21.48,-9.37,-1.59,7.91,6.55,17.9,20.78,6.92,6.53,2.3,6.84,11.18,11.58
Operating Expenses,153.02,163.36,169.75,162.88,286.4,157.3,167.78,171.82,175.78,174.22,514.67,170.86,161.83,171.23,182.84,165.74,176.3,172.3,186.93,190.1,197.27,194.55,189.92,190.12,211.58,198.83,253.52,189.27,215.71,228.61,258.12,248.6,270.61,269.08,258.4,253.87,253.86,263.56,262.58,254.32
Operating Income,6.84,3.69,120.67,98.24,-126.17,35.12,130.79,86.8,-9.75,56.11,-231.8,56.5,56.22,93.78,207.8,129.13,94.63,97.53,120.4,143.59,112.27,93.09,133.99,154.92,171.65,206.72,217.95,269.66,234.08,233.01,388.87,322.4,256.44,185.86,247.99,231.51,166.59,92.86,139.91,143.97
Interest Expense / Income,5.84,6.42,0.16,0.14,0.21,0.16,0.44,0.51,0.76,0.71,0.69,0.63,1.6,5.4,5.51,5.37,5.38,6.89,5.64,5.56,3.69,5.52,5.8,5.46,5.38,5.55,6.04,6.24,6.35,6,5.57,3.79,2.47,1.01,0.91,0.78,1.02,0.99,1.05,0.96
Other Expense / Income,-34.44,-0.86,-0.88,-2.58,-1.57,-7.48,-1.79,-1.11,-1.65,-1.79,-1.68,-3.81,-4.27,-3.64,-4.58,-3.68,-8.84,-5.18,-5.25,-2.81,-2.55,-6.41,-2.98,-2.28,17.39,4.1,-5.39,-0.31,4.8,3.02,-0.72,20.86,-1.21,4.48,8.49,4.53,-29.67,-5.21,-5.54,-1.27
Pretax Income,35.44,-1.87,121.39,100.67,-124.81,42.44,132.14,87.41,-8.86,57.19,-230.82,59.68,58.89,92.02,206.88,127.44,98.08,95.82,120.01,140.84,111.13,93.98,131.18,151.73,148.88,197.07,217.29,263.73,222.93,223.99,384.03,297.76,255.18,180.36,238.59,226.2,195.24,97.08,144.4,144.28
Income Tax,13.1,-2.8,20.19,17.72,-21,9.65,29.26,15.96,-8.22,7.21,-7.27,-4.11,-7.46,6.8,31.9,24.02,204.01,8.85,18.98,20.86,-32.66,-15.16,33.78,15.87,23.81,20.88,28.38,41.01,26.59,18.48,55.71,41.04,31.14,18.43,40.81,42.71,22.94,13.55,24.35,16.16
Net Income,22.34,0.93,101.21,82.95,-103.81,32.79,102.88,71.45,-0.64,49.99,-223.55,63.79,66.35,85.22,174.98,103.42,-105.92,86.97,101.04,119.98,143.79,109.14,97.4,135.86,125.07,176.19,188.91,222.72,196.33,205.51,328.32,256.72,224.04,161.93,197.79,183.49,172.3,83.53,120.05,128.12
Net Income Growth,-,-85.90%,52.06%,19.42%,-,3429.28%,1.65%,-13.86%,-,52.46%,-,-10.72%,-,70.49%,-,62.12%,-,2.06%,-42.26%,16.01%,-,25.48%,-3.60%,13.23%,-13.02%,61.44%,93.96%,63.93%,56.97%,16.64%,73.80%,15.27%,14.11%,-21.21%,-39.76%,-28.53%,-23.09%,-48.41%,-39.30%,-30.18%
Shares Outstanding (Basic),192,193,194,207,217,217,214,210,205,204,203,202,201,200,199,197,196,195,191,186,179,174,171,170,167,167,166,166,166,166,166,165,163,162,160,156,156,156,155,154
Shares Outstanding (Diluted),237,236,217,218,219,219,215,212,207,206,203,204,201,202,202,201,202,203,195,191,182,177,179,180,182,181,180,184,187,188,187,182,178,176,171,167,165,166,165,164
Shares Change,2.57%,0.74%,-7.81%,-7.42%,-7.63%,-7.47%,-0.49%,-3.02%,-5.29%,-5.98%,-5.79%,-3.69%,-3.10%,-1.85%,-0.73%,-1.55%,0.75%,0.77%,-3.28%,-5.12%,-10.28%,-13.03%,-8.37%,-5.25%,0.14%,2.13%,0.93%,2.13%,2.78%,3.88%,3.60%,-1.28%,-4.72%,-6.48%,-8.35%,-8.38%,-7.05%,-5.28%,-3.74%,-1.61%
EPS (Basic),0.11,-,0.52,0.40,-0.53,0.15,0.48,0.34,0.01,0.24,-1.10,0.32,0.33,0.43,0.88,0.52,-0.53,0.45,0.53,0.65,0.79,0.63,0.57,0.80,0.74,1.06,1.14,1.34,1.18,1.23,1.98,1.56,1.38,1.00,1.24,1.17,1.11,0.54,0.78,0.83
EPS (Diluted),0.09,-,0.47,0.38,-0.46,0.15,0.48,0.34,0.01,0.24,-1.10,0.31,0.33,0.42,0.87,0.52,-0.53,0.43,0.52,0.63,0.78,0.62,0.55,0.75,0.68,0.97,1.05,1.21,1.05,1.09,1.76,1.41,1.27,0.92,1.16,1.10,1.05,0.50,0.73,0.78
EPS Growth,-,-,67.86%,31.03%,-,-,2.13%,-10.53%,-,60.00%,-,-8.82%,3200.00%,75.00%,-,67.74%,-,2.38%,-40.23%,21.15%,-,44.19%,5.77%,19.05%,-12.82%,56.45%,90.91%,61.33%,54.41%,12.37%,67.62%,16.53%,20.95%,-15.60%,-34.09%,-21.99%,-17.32%,-45.65%,-37.07%,-29.09%
Free Cash Flow,20.47,-57.02,148.98,78.79,152.33,16.38,130.96,158.53,27.32,15.39,154.6,181.72,18.21,-83.19,206.41,282.55,115.35,-116.73,103.99,214.98,160.27,-7.7,112.01,162.06,177.73,6.4,175.58,279.65,222.32,-1.11,171.58,493.46,301.97,-36.54,69.71,232.68,152.24,-22.11,103.51,139.74
Free Cash Flow Per Share,0.11,-0.29,0.77,0.38,0.70,0.07,0.61,0.76,0.13,0.07,0.76,0.90,0.09,-0.42,1.04,1.43,0.59,-0.60,0.55,1.16,0.90,-0.04,0.65,0.95,1.06,0.04,1.06,1.69,1.34,-0.01,1.03,3.00,1.85,-0.23,0.44,1.49,0.98,-0.14,0.67,0.91
Dividend Per Share,-,-,0.060,0.060,0.060,0.060,0.060,0.060,0.060,0.060,0.060,0.060,0.060,0.070,0.070,0.070,0.070,0.090,0.090,0.090,0.090,0.090,0.090,0.090,0.090,0.100,0.100,0.100,0.100,0.100,0.100,0.100,0.100,0.110,0.110,0.110,0.110,0.110,0.110,0.110
Dividend Growth,-,-,-,-,-,-,0%,0%,0%,0%,0%,0%,0%,16.67%,16.67%,16.67%,16.67%,28.57%,28.57%,28.57%,28.57%,0%,0%,0%,0%,11.11%,11.11%,11.11%,11.11%,0%,0%,0%,0%,10.00%,10.00%,10.00%,10.00%,0%,0%,0%
Gross Margin,56.03%,52.04%,55.26%,54.63%,49.57%,56.20%,58.23%,55.50%,52.14%,53.44%,53.19%,55.39%,57.38%,58.00%,56.05%,58.58%,56.51%,55.35%,58.33%,58.87%,59.58%,58.21%,57.41%,59.28%,58.54%,57.58%,56.22%,56.00%,59.26%,59.06%,59.59%,60.07%,59.55%,60.23%,60.23%,58.69%,57.45%,57.72%,58.81%,56.60%
Operating Margin,2.40%,1.15%,22.96%,20.55%,-39.03%,10.26%,25.51%,18.63%,-3.06%,13.02%,-43.59%,13.76%,14.79%,20.53%,29.82%,25.65%,19.74%,20.01%,22.85%,25.33%,21.61%,18.84%,23.75%,26.62%,26.22%,29.35%,25.99%,32.91%,30.84%,29.81%,35.82%,33.92%,28.97%,24.60%,29.50%,27.99%,22.76%,15.04%,20.44%,20.46%
Profit Margin,7.83%,0.29%,19.26%,17.35%,-32.12%,9.58%,20.06%,15.33%,-0.20%,11.60%,-42.04%,15.54%,17.46%,18.65%,25.11%,20.55%,-22.09%,17.84%,19.17%,21.17%,27.68%,22.09%,17.26%,23.34%,19.11%,25.01%,22.52%,27.18%,25.87%,26.29%,30.24%,27.01%,25.31%,21.44%,23.52%,22.18%,23.54%,13.53%,17.54%,18.21%
Free Cash Flow Margin,7.17%,-17.76%,28.35%,16.48%,47.13%,4.78%,25.54%,34.02%,8.58%,3.57%,29.07%,44.27%,4.79%,-18.21%,29.62%,56.13%,24.06%,-23.95%,19.73%,37.93%,30.85%,-1.56%,19.85%,27.84%,27.15%,0.91%,20.94%,34.13%,29.29%,-0.14%,15.80%,51.92%,34.12%,-4.84%,8.29%,28.13%,20.80%,-3.58%,15.12%,19.86%
Effective Tax Rate,36.95%,-,16.63%,17.60%,-,22.74%,22.14%,18.25%,-,12.60%,-,-6.89%,-12.67%,7.38%,15.42%,18.85%,207.99%,9.23%,15.81%,14.81%,-29.39%,-16.13%,25.75%,10.46%,15.99%,10.59%,13.06%,15.55%,11.93%,8.25%,14.51%,13.78%,12.20%,10.22%,17.10%,18.88%,11.75%,13.96%,16.86%,11.20%
EBITDA,80.59,43.73,159.14,138.99,-87.01,77.08,165.72,124.98,27.99,94.56,-197.44,85.68,85.79,124.63,240.06,159.48,129.98,128.25,153.44,175.91,145.2,129.09,166.24,186.7,186.56,234.5,255.99,300.12,261.33,263.73,421.05,331.84,287.64,209.11,266.32,255.34,224.01,125.68,172.65,173.37
EBITDA Margin,28.25%,13.62%,30.28%,29.08%,-26.92%,22.51%,32.32%,26.82%,8.79%,21.94%,-37.13%,20.87%,22.58%,27.28%,34.45%,31.68%,27.11%,26.31%,29.12%,31.03%,27.95%,26.13%,29.47%,32.08%,28.50%,33.29%,30.52%,36.62%,34.43%,33.74%,38.78%,34.91%,32.50%,27.68%,31.68%,30.87%,30.61%,20.35%,25.23%,24.64%
Depreciation & Amortization,39.32,39.18,37.59,38.18,37.59,34.48,33.14,37.07,36.08,36.66,32.69,25.36,25.3,27.21,27.67,26.67,26.52,25.54,27.79,29.51,30.39,29.59,29.27,29.5,32.3,31.88,32.66,30.15,32.06,33.73,31.46,30.3,29.99,27.74,26.82,28.36,27.76,27.61,27.21,28.13
EBIT,41.27,4.54,121.55,100.81,-124.6,42.6,132.58,87.92,-8.1,57.9,-230.13,60.31,60.49,97.42,212.39,132.81,103.46,102.71,125.65,146.4,114.82,99.5,136.98,157.2,154.26,202.62,223.33,269.97,229.28,230,389.59,301.54,257.65,181.37,239.51,226.98,196.25,98.07,145.45,145.24
EBIT Margin,14.47%,1.42%,23.13%,21.09%,-38.55%,12.44%,25.86%,18.87%,-2.54%,13.43%,-43.27%,14.69%,15.92%,21.32%,30.48%,26.38%,21.58%,21.07%,23.85%,25.83%,22.10%,20.14%,24.28%,27.01%,23.56%,28.77%,26.63%,32.94%,30.21%,29.43%,35.88%,31.72%,29.11%,24.01%,28.49%,27.44%,26.82%,15.88%,21.25%,20.64%
