,2014-01-31,2014-04-30,2014-07-31,2014-10-31,2015-01-31,2015-04-30,2015-07-31,2015-10-31,2016-01-31,2016-04-30,2016-07-31,2016-10-31,2017-01-31,2017-04-30,2017-07-31,2017-10-31,2018-01-31,2018-04-30,2018-07-31,2018-10-31,2019-01-31,2019-04-30,2019-07-31,2019-10-31,2020-01-31,2020-04-30,2020-07-31,2020-10-31,2021-01-31,2021-04-30,2021-07-31,2021-10-31,2022-01-31,2022-04-30,2022-07-31,2022-10-31,2023-01-31,2023-04-30,2023-07-31,2023-10-31
Revenue,478.95,517.7,521.81,539.01,542.04,557.2,555.81,587.16,568.6,605.01,615.2,633.72,652.79,680.07,695.38,696.64,769.43,776.84,779.71,795.08,820.4,836.24,852.97,851.08,834.38,861.33,964.13,"1,025",970.32,"1,024","1,057","1,152","1,270","1,279","1,248","1,284","1,361","1,395","1,487","1,599"
Revenue Growth (YoY),0.80%,3.69%,8.05%,6.76%,13.17%,7.63%,6.51%,8.93%,4.90%,8.58%,10.69%,7.93%,14.81%,12.41%,13.03%,9.93%,17.87%,14.23%,12.13%,14.13%,6.63%,7.65%,9.40%,7.04%,1.70%,3.00%,13.03%,20.49%,16.29%,18.92%,9.65%,12.38%,30.91%,24.89%,18.03%,11.44%,7.17%,9.04%,19.20%,24.51%
Cost of Revenue,105.85,114.09,115.53,121.42,124.63,124.97,129.47,139.84,129.44,131.63,139.68,142.21,155.75,162.03,169.55,166.86,181.16,178.78,185.38,190.58,192.89,190.68,186.63,182.74,192.87,184.27,193.01,224.55,208,213.99,205.07,234.73,256.98,252.81,271.18,282.72,284.35,298.01,307.48,332.34
Gross Profit,373.1,403.61,406.28,417.59,417.41,432.23,426.33,447.32,439.16,473.38,475.53,491.51,497.04,518.04,525.84,529.78,588.27,598.06,594.33,604.5,627.51,645.56,666.34,668.34,641.51,677.06,771.13,800.89,762.32,810.34,852.06,917.69,"1,013","1,026",976.59,"1,002","1,077","1,097","1,180","1,267"
"Selling, General & Admin",140.03,155.36,149.71,163.2,142.52,161.55,160.91,174.51,162.32,162.48,169.88,173.66,167.38,220.65,177.87,180.2,206.88,206,242.29,230.37,198.02,215,224.49,224.59,221.6,208.67,229.97,256.3,248.12,245.45,255.27,286.64,261.52,265.53,290.71,315.86,308.15,313.2,336.85,341.13
Research & Development,167.54,178.04,182.81,190.37,181.61,188.32,198,208.31,196.71,216.17,221.87,221.95,212.65,223.02,228.66,244.52,264.41,252.13,277.4,290.88,271.33,290.3,284.8,290.5,314.28,302.57,322.6,339.57,357.47,362.35,371.15,413.86,383.97,389.96,444.83,461.62,465.33,485.6,507.4,488.49
Other Operating Expenses,5.38,6.38,6.54,6.52,21.78,6.44,5.94,6.94,9.03,7.92,7.06,13.14,20.14,20.77,13.93,13.36,9.26,12.91,10.67,21.73,10.75,24.76,29.45,23.52,18.12,39.92,7.95,8.9,8.39,8.31,23.72,26.9,20.75,7.22,7.12,6.72,47.58,10.72,40.08,6.65
Operating Expenses,312.95,339.78,339.06,360.09,345.91,356.31,364.85,389.76,368.05,386.57,398.81,408.75,400.17,464.44,420.47,438.07,480.55,471.04,530.37,542.98,480.1,530.06,538.74,538.62,554,551.17,560.53,604.76,613.97,616.11,650.14,727.41,666.24,662.72,742.66,784.2,821.05,809.52,884.33,836.26
Operating Income,60.16,63.83,67.23,57.5,71.5,75.93,61.48,57.56,71.11,86.81,76.72,82.76,96.87,53.61,105.37,91.71,107.72,127.01,63.97,61.53,147.41,115.5,127.59,129.72,87.52,125.9,210.6,196.13,148.35,194.23,201.92,190.29,347.04,363.7,233.93,217.37,255.93,287.33,295.47,430.52
Other Expense / Income,-11.03,-4.23,-3.54,-4.63,-5.12,-7.96,-3.71,1.64,6.77,-10.42,-8.51,0.01,-11.49,-8.41,-7.42,-8.21,-12.39,7.72,-7.93,9.28,0.36,-18.42,-5.32,-1.9,-12.06,15.73,-26.26,3.67,-29.07,-22.04,-11.67,-9.1,19.45,23.02,-5.41,3.3,-26.2,-7.22,-29.01,18.14
Pretax Income,71.18,68.06,70.77,62.13,76.62,83.88,65.19,55.92,64.34,97.22,85.23,82.75,108.36,62.02,112.79,99.93,120.1,119.3,71.89,52.25,147.06,133.92,132.91,131.62,99.57,110.17,236.85,192.47,177.42,216.27,213.59,199.39,327.59,340.68,239.33,214.07,282.13,294.55,324.48,412.39
Income Tax,3.49,4.74,5.12,-0.33,11.43,28.29,9.81,6.16,4.31,27.85,20.51,10.06,21.77,8.71,-3.96,220.01,123.79,16.83,-7.52,-202.08,-6.46,15.71,32.98,-29.09,-4.49,0.25,-16.06,-4.99,15.08,21.19,14.95,-2.06,13.9,45.9,16.71,60.57,10.6,21.64,-11.77,63.2
Net Income,67.7,63.32,65.66,62.46,65.19,55.6,55.39,49.76,60.04,69.38,64.72,72.7,86.59,53.31,116.75,-120.08,-3.69,102.47,79.41,254.33,153.51,118.21,99.93,160.71,104.06,109.92,252.91,197.46,162.35,195.08,198.65,201.45,313.69,294.78,222.63,153.5,271.54,272.91,336.25,349.19
Net Income Growth,-3.18%,-7.82%,25.54%,9.78%,-3.70%,-12.19%,-15.64%,-20.32%,-7.91%,24.79%,16.85%,46.09%,44.23%,-23.16%,80.40%,-,-,92.23%,-31.98%,-,-,15.36%,25.84%,-36.81%,-32.21%,-7.01%,153.09%,22.86%,56.01%,77.47%,-21.46%,2.02%,93.22%,51.11%,12.07%,-23.80%,-13.44%,-7.42%,51.04%,127.49%
Shares Outstanding (Basic),154,155,155,156,154,155,156,155,153,152,151,152,151,150,150,150,149,149,148,150,149,150,150,150,150,151,151,152,152,153,153,153,153,153,153,153,152,152,152,152
Shares Outstanding (Diluted),157,157,158,159,157,157,159,159,155,155,154,155,154,155,155,155,149,153,153,154,153,154,155,155,155,154,156,158,157,157,157,158,157,156,156,156,155,155,155,155
Shares Change,1.44%,0.30%,0.36%,0.84%,0.29%,0.26%,0.61%,-0.23%,-1.22%,-1.87%,-2.96%,-2.34%,-0.55%,0.21%,0.52%,0.09%,-3.23%,-1.09%,-1.34%,-0.59%,2.15%,0.48%,1.30%,0.63%,1.21%,0.31%,0.89%,1.56%,1.79%,1.75%,0.60%,0.18%,-0.00%,-0.58%,-0.70%,-1.00%,-1.40%,-0.92%,-0.55%,-0.56%
EPS (Basic),0.44,0.41,0.42,0.40,0.42,0.36,0.36,0.32,0.39,0.46,0.43,0.48,0.57,0.35,0.78,-0.80,-0.02,0.69,0.53,1.70,1.03,0.79,0.67,1.07,0.69,0.73,1.67,1.30,1.06,1.28,1.30,1.32,2.05,1.93,1.46,1.01,1.78,1.79,2.21,2.29
EPS (Diluted),0.43,0.40,0.42,0.39,0.41,0.35,0.35,0.31,0.39,0.45,0.42,0.47,0.56,0.34,0.75,-0.78,-0.02,0.67,0.52,1.66,1.01,0.77,0.65,1.03,0.67,0.71,1.62,1.26,1.03,1.24,1.27,1.27,1.99,1.89,1.43,0.98,1.75,1.76,2.17,2.24
EPS Growth,-4.44%,-9.09%,27.27%,8.33%,-4.65%,-12.50%,-16.67%,-20.51%,-4.88%,28.57%,20.00%,51.61%,43.59%,-24.44%,78.57%,-,-,97.06%,-30.67%,-,-,14.93%,25.00%,-37.95%,-33.66%,-7.79%,149.23%,22.33%,53.73%,74.65%,-21.60%,0.79%,93.20%,52.42%,12.60%,-22.83%,-12.06%,-6.88%,51.75%,128.57%
Free Cash Flow,-90.05,96.18,311.01,126.9,-107.86,129.75,250.35,132.28,-51.43,207.82,231.37,127.83,27.67,108.93,259.76,162.57,-88.18,43.78,266.36,102.18,-173.76,312.11,316.31,143.46,-45.85,352.8,358.95,166.66,145.17,509.8,398.62,343.29,113.5,723.77,403.22,359.33,70.63,654.45,513.41,272.96
Free Cash Flow Per Share,-0.58,0.62,2.00,0.81,-0.70,0.84,1.61,0.85,-0.34,1.36,1.53,0.84,0.18,0.72,1.73,1.08,-0.59,0.29,1.79,0.68,-1.16,2.08,2.11,0.95,-0.30,2.34,2.37,1.09,0.95,3.34,2.61,2.25,0.74,4.73,2.64,2.35,0.46,4.30,3.38,1.80
Gross Margin,77.90%,77.96%,77.86%,77.47%,77.01%,77.57%,76.71%,76.18%,77.23%,78.24%,77.30%,77.56%,76.14%,76.17%,75.62%,76.05%,76.46%,76.99%,76.22%,76.03%,76.49%,77.20%,78.12%,78.53%,76.88%,78.61%,79.98%,78.10%,78.56%,79.11%,80.60%,79.63%,79.77%,80.24%,78.27%,77.99%,79.11%,78.63%,79.33%,79.22%
Operating Margin,12.56%,12.33%,12.88%,10.67%,13.19%,13.63%,11.06%,9.80%,12.51%,14.35%,12.47%,13.06%,14.84%,7.88%,15.15%,13.16%,14.00%,16.35%,8.20%,7.74%,17.97%,13.81%,14.96%,15.24%,10.49%,14.62%,21.84%,19.13%,15.29%,18.96%,19.10%,16.51%,27.32%,28.43%,18.75%,16.93%,18.80%,20.60%,19.87%,26.92%
Profit Margin,14.13%,12.23%,12.58%,11.59%,12.03%,9.98%,9.97%,8.48%,10.56%,11.47%,10.52%,11.47%,13.26%,7.84%,16.79%,-17.24%,-0.48%,13.19%,10.18%,31.99%,18.71%,14.14%,11.72%,18.88%,12.47%,12.76%,26.23%,19.26%,16.73%,19.04%,18.79%,17.48%,24.69%,23.04%,17.84%,11.95%,19.95%,19.57%,22.61%,21.84%
Free Cash Flow Margin,-18.80%,18.58%,59.60%,23.54%,-19.90%,23.29%,45.04%,22.53%,-9.04%,34.35%,37.61%,20.17%,4.24%,16.02%,37.35%,23.34%,-11.46%,5.64%,34.16%,12.85%,-21.18%,37.32%,37.08%,16.86%,-5.50%,40.96%,37.23%,16.25%,14.96%,49.77%,37.71%,29.79%,8.94%,56.58%,32.32%,27.98%,5.19%,46.92%,34.52%,17.07%
Effective Tax Rate,4.90%,6.97%,7.23%,-0.53%,14.91%,33.72%,15.04%,11.01%,6.69%,28.64%,24.07%,12.15%,20.09%,14.05%,-3.51%,220.17%,103.07%,14.10%,-10.45%,-386.77%,-4.39%,11.73%,24.82%,-22.10%,-4.51%,0.22%,-6.78%,-2.59%,8.50%,9.80%,7.00%,-1.03%,4.24%,13.47%,6.98%,28.30%,3.76%,7.35%,-3.63%,15.32%
EBITDA,114.9,115.93,119.94,114.2,127.14,135.41,117.68,113.2,120.78,148.01,135.82,131.97,157.83,109.6,159.86,145.26,164.02,172.21,125.31,111.21,198.89,184.93,182.2,181.17,175.01,179.32,314,263.61,249.02,287.45,287.01,273.52,410.28,412.36,320.65,296.33,363.33,378.35,412.16,504.53
EBITDA Margin,23.99%,22.39%,22.98%,21.19%,23.46%,24.30%,21.17%,19.28%,21.24%,24.46%,22.08%,20.82%,24.18%,16.12%,22.99%,20.85%,21.32%,22.17%,16.07%,13.99%,24.24%,22.11%,21.36%,21.29%,20.97%,20.82%,32.57%,25.71%,25.66%,28.06%,27.15%,23.73%,32.30%,32.23%,25.70%,23.07%,26.69%,27.12%,27.71%,31.55%
Depreciation & Amortization,43.71,47.87,49.17,52.08,50.53,51.52,52.48,57.29,56.44,50.79,50.59,49.22,49.46,47.58,47.07,45.33,43.92,52.91,53.42,58.96,51.83,51.01,49.29,49.54,75.43,69.16,77.15,71.14,71.6,71.18,73.42,74.13,82.7,71.68,81.31,82.26,81.2,83.8,87.69,92.15
EBIT,71.18,68.06,70.77,62.13,76.62,83.88,65.19,55.92,64.34,97.22,85.23,82.75,108.36,62.02,112.79,99.93,120.1,119.3,71.89,52.25,147.06,133.92,132.91,131.62,99.57,110.17,236.85,192.47,177.42,216.27,213.59,199.39,327.59,340.68,239.33,214.07,282.13,294.55,324.48,412.39
EBIT Margin,14.86%,13.15%,13.56%,11.53%,14.13%,15.05%,11.73%,9.52%,11.32%,16.07%,13.85%,13.06%,16.60%,9.12%,16.22%,14.34%,15.61%,15.36%,9.22%,6.57%,17.92%,16.01%,15.58%,15.47%,11.93%,12.79%,24.57%,18.77%,18.28%,21.11%,20.20%,17.30%,25.79%,26.63%,19.18%,16.67%,20.72%,21.12%,21.82%,25.79%
