,2014-03-31,2014-06-30,2014-09-30,2014-12-31,2015-03-31,2015-06-30,2015-09-30,2015-12-31,2016-03-31,2016-06-30,2016-09-30,2016-12-31,2017-03-31,2017-06-30,2017-09-30,2017-12-31,2018-03-31,2018-06-30,2018-09-30,2018-12-31,2019-03-31,2019-06-30,2019-09-30,2019-12-31,2020-03-31,2020-06-30,2020-09-30,2020-12-31,2021-03-31,2021-06-30,2021-09-30,2021-12-31,2022-03-31,2022-06-30,2022-09-30,2022-12-31,2023-03-31,2023-06-30,2023-09-30,2023-12-31
Revenue,552.2,595.4,581.6,626.8,618.5,653.5,625.1,639.4,636.9,667,683.9,698.1,740,738.2,749.9,768.6,788,833.3,754.1,812.5,748.2,765.4,728.2,750.9,636.9,663.9,760,834.5,769,859.8,914.6,995.5,977.7,965.9,874.2,936.1,966.4,960.8,937.5,988.1
Revenue Growth (YoY),8.36%,8.43%,8.47%,12.15%,12.01%,9.76%,7.48%,2.01%,2.97%,2.07%,9.41%,9.18%,16.19%,10.67%,9.65%,10.10%,6.49%,12.88%,0.56%,5.71%,-5.05%,-8.15%,-3.43%,-7.58%,-14.88%,-13.26%,4.37%,11.13%,20.74%,29.51%,20.34%,19.29%,27.14%,12.34%,-4.42%,-5.97%,-1.16%,-0.53%,7.24%,5.55%
Cost of Revenue,356.3,379.2,366.3,394.9,389.3,391.1,369.5,376.8,374.2,383.3,400.6,413.6,439.1,434,444.9,446.3,466.5,492.3,448.1,475.5,455.4,456.7,444,455.9,397.4,416.4,462.9,510.4,480.4,538.4,574.3,634.9,636.1,631.5,569.2,587.5,592.3,576.1,581.3,618.3
Gross Profit,195.9,216.2,215.3,231.9,229.2,262.4,255.6,262.6,262.7,283.7,283.3,284.5,300.9,304.2,305,322.3,321.5,341,306,337,292.8,308.7,284.2,295,239.5,247.5,297.1,324.1,288.6,321.4,340.3,360.6,341.6,334.4,305,348.6,374.1,384.7,356.2,369.8
"Selling, General & Admin",130.9,137.4,145.5,158.3,147.2,159.4,149,155.1,159.4,160,164.7,178.4,183.2,178.3,176.8,184.5,192.9,197.2,177.6,186.1,184.7,178.7,172.3,179.9,173.8,155.9,159.4,171.2,166.5,173.1,177.6,184.2,179.8,166.7,155.5,168.9,187.2,180.3,174.9,185
Other Operating Expenses,0,0,0,0,0,0,0,0,0,0,0,0,0,0,0,0,6.7,0,0,0,0,0,0,0,0,6.1,1.6,0,0,0,0,0,0,0,0,0,15.6,0,0,3.2
Operating Expenses,130.9,137.4,145.5,158.3,147.2,159.4,149,155.1,159.4,160,164.7,178.4,183.2,178.3,176.8,184.5,199.6,197.2,177.6,186.1,184.7,178.7,172.3,179.9,173.8,162,161,171.2,166.5,173.1,177.6,184.2,179.8,166.7,155.5,168.9,202.8,180.3,174.9,188.2
Operating Income,65,78.8,69.8,73.6,82,103,106.6,107.5,103.3,123.7,118.6,106.1,117.7,125.9,128.2,137.8,121.9,143.8,128.4,150.9,108.1,130,111.9,115.1,65.7,85.5,136.1,152.9,122.1,148.3,162.7,176.4,161.8,167.7,149.5,179.7,171.3,204.4,181.3,181.6
Interest Expense / Income,1.4,1.4,1.5,1.4,1.9,2.5,1.6,1.4,1.7,1.9,2.1,1.6,2.2,2.5,2.5,2.9,2.3,2.3,2,1.8,2,3.4,3.1,2.5,2.2,2.5,1.6,1,1,0.9,1,1.4,1.5,2.1,2.4,3.4,4,4.5,2.4,1.1
Other Expense / Income,-1.3,-1.2,-1,-1.7,-2.7,-2.7,-2.2,-3.2,-2,-2.3,-1.9,-11.9,-4.9,-4.6,-5.9,-5.9,-5.8,-4.6,-5.1,-5.7,-5.5,-5.6,-4,-2.9,-4.2,-4,-2.8,-,-5,-3.9,-4.7,-6.8,3.7,0.3,2.4,419.2,-4,-9,2.5,3.6
Pretax Income,64.9,78.6,69.3,73.9,82.8,103.2,107.2,109.3,103.6,124.1,118.4,116.4,120.4,128,131.6,140.8,125.4,146.1,131.5,154.8,111.6,132.2,112.8,115.5,67.7,87,137.3,151.9,126.1,151.3,166.4,181.8,156.6,165.3,144.7,-242.9,171.3,208.9,176.4,176.9
Income Tax,18.2,21.3,18.7,20.7,24.4,32.1,33.6,29.5,30.1,37,35.2,33.7,32.7,35.6,37.9,118.1,26.6,31.6,26.9,28.5,22.3,30.1,25.5,24.2,16,19.2,31.9,31.9,28.4,33.1,34.8,42.2,36.8,39.1,34.9,-122.8,44.4,51.9,41,39.6
Net Income,46.7,57.3,50.6,53.2,58.4,71.1,73.6,79.8,73.5,87.1,83.2,82.7,87.7,92.4,93.7,22.7,98.8,114.5,104.6,126.3,89.3,102.1,87.3,91.3,51.7,67.8,105.4,120,97.7,118.2,131.6,139.6,119.8,126.2,109.8,-120.1,126.9,157,135.4,137.3
Net Income Growth,19.74%,36.10%,9.52%,25.47%,25.05%,24.08%,45.45%,50.00%,25.86%,22.50%,13.04%,3.63%,19.32%,6.08%,12.62%,-72.55%,12.66%,23.92%,11.63%,456.39%,-9.62%,-10.83%,-16.54%,-27.71%,-42.11%,-33.59%,20.73%,31.43%,88.97%,74.34%,24.86%,16.33%,22.62%,6.77%,-16.57%,-,5.93%,24.41%,23.32%,-
Shares Outstanding (Basic),182,181,180,179,179,178,178,176,176,175,174,174,173,173,173,172,172,171,171,170,168,167,164,163,162,161,161,161,162,160,159,159,157,156,154,153,151,150,150,149
Shares Change,-1.29%,-2.28%,-2.68%,-1.84%,-2.06%,-1.55%,-1.28%,-1.70%,-1.75%,-1.86%,-1.84%,-1.21%,-1.34%,-1.17%,-1.12%,-1.14%,-1.00%,-1.09%,-1.12%,-1.15%,-2.10%,-2.31%,-3.64%,-4.02%,-3.54%,-3.62%,-1.82%,-1.01%,-0.12%,-0.42%,-1.38%,-1.43%,-2.72%,-2.77%,-2.97%,-4.01%,-4.14%,-3.57%,-2.56%,-2.65%
EPS (Basic),0.26,0.32,0.28,0.29,0.33,0.40,0.41,0.45,0.42,0.51,0.48,0.48,0.51,0.53,0.54,0.14,0.58,0.67,0.61,0.74,0.53,0.61,0.53,0.56,0.32,0.42,0.65,0.74,0.60,0.74,0.83,0.88,0.76,0.81,0.71,-0.77,0.84,1.04,0.90,0.92
EPS (Diluted),0.26,0.32,0.28,0.29,0.33,0.40,0.41,0.45,0.41,0.49,0.47,0.47,0.50,0.53,0.54,0.13,0.57,0.66,0.61,0.74,0.53,0.61,0.53,0.56,0.32,0.42,0.65,0.74,0.60,0.73,0.82,0.87,0.76,0.81,0.71,-0.76,0.84,1.04,0.90,0.92
EPS Growth,21.43%,40.00%,12.00%,28.26%,27.45%,25.40%,46.43%,52.54%,26.15%,24.05%,14.63%,4.44%,21.95%,8.16%,14.89%,-72.34%,14.00%,24.53%,12.96%,469.23%,-7.02%,-7.58%,-13.11%,-24.32%,-39.62%,-31.15%,22.64%,32.14%,87.50%,73.81%,26.15%,17.57%,26.67%,10.96%,-13.41%,-,10.53%,28.40%,26.76%,-
Free Cash Flow,-13.5,52.5,58.8,80.1,-15.3,45.5,153.8,95,7.1,110.3,87.5,161,-28.3,65.2,46.9,148.4,25.9,107.8,97,133,0.7,106.5,122.5,162.1,41.3,113.2,139.2,211.6,87.3,78,166.2,234.5,3.6,20.1,140.1,157.3,109.2,126.8,160.3,201.4
Free Cash Flow Per Share,-0.07,0.29,0.33,0.45,-0.09,0.26,0.86,0.54,0.04,0.63,0.50,0.93,-0.16,0.38,0.27,0.86,0.15,0.63,0.57,0.78,0.00,0.64,0.74,0.99,0.26,0.70,0.86,1.31,0.54,0.49,1.04,1.47,0.02,0.13,0.91,1.03,0.72,0.84,1.06,1.35
Dividend Per Share,0.075,0.075,0.075,0.075,0.095,0.095,0.095,0.095,0.120,0.120,0.120,0.120,0.140,0.140,0.140,0.140,0.180,0.180,0.180,0.220,0.220,0.220,0.220,0.240,0.240,0.240,0.240,0.260,0.260,0.260,0.260,0.280,0.280,0.280,0.280,0.300,0.300,0.300,0.600,0.320
Dividend Growth,50.00%,25.00%,25.00%,25.00%,26.67%,26.67%,26.67%,26.67%,26.32%,26.32%,26.32%,26.32%,16.67%,16.67%,16.67%,16.67%,28.57%,28.57%,28.57%,57.14%,22.22%,22.22%,22.22%,9.09%,9.09%,9.09%,9.09%,8.33%,8.33%,8.33%,8.33%,7.69%,7.69%,7.69%,7.69%,7.14%,7.14%,7.14%,114.29%,6.67%
Gross Margin,35.48%,36.31%,37.02%,37.00%,37.06%,40.15%,40.89%,41.07%,41.25%,42.53%,41.42%,40.75%,40.66%,41.21%,40.67%,41.93%,40.80%,40.92%,40.58%,41.48%,39.13%,40.33%,39.03%,39.29%,37.60%,37.28%,39.09%,38.84%,37.53%,37.38%,37.21%,36.22%,34.94%,34.62%,34.89%,37.24%,38.71%,40.04%,37.99%,37.43%
Operating Margin,11.77%,13.23%,12.00%,11.74%,13.26%,15.76%,17.05%,16.81%,16.22%,18.55%,17.34%,15.20%,15.91%,17.05%,17.10%,17.93%,15.47%,17.26%,17.03%,18.57%,14.45%,16.98%,15.37%,15.33%,10.32%,12.88%,17.91%,18.32%,15.88%,17.25%,17.79%,17.72%,16.55%,17.36%,17.10%,19.20%,17.73%,21.27%,19.34%,18.38%
Profit Margin,8.46%,9.62%,8.70%,8.49%,9.44%,10.88%,11.77%,12.48%,11.54%,13.06%,12.17%,11.85%,11.85%,12.52%,12.49%,2.95%,12.54%,13.74%,13.87%,15.54%,11.94%,13.34%,11.99%,12.16%,8.12%,10.21%,13.87%,14.38%,12.70%,13.75%,14.39%,14.02%,12.25%,13.07%,12.56%,-12.83%,13.13%,16.34%,14.44%,13.90%
Free Cash Flow Margin,-2.44%,8.82%,10.11%,12.78%,-2.47%,6.96%,24.60%,14.86%,1.11%,16.54%,12.79%,23.06%,-3.82%,8.83%,6.25%,19.31%,3.29%,12.94%,12.86%,16.37%,0.09%,13.91%,16.82%,21.59%,6.48%,17.05%,18.32%,25.36%,11.35%,9.07%,18.17%,23.56%,0.37%,2.08%,16.03%,16.80%,11.30%,13.20%,17.10%,20.38%
Effective Tax Rate,28.04%,27.10%,26.98%,28.01%,29.47%,31.10%,31.34%,26.99%,29.05%,29.81%,29.73%,28.95%,27.16%,27.81%,28.80%,83.88%,21.21%,21.63%,20.46%,18.41%,19.98%,22.77%,22.61%,20.95%,23.63%,22.07%,23.23%,21.00%,22.52%,21.88%,20.91%,23.21%,23.50%,23.65%,24.12%,-,25.92%,24.84%,23.24%,22.39%
EBITDA,81.1,94.8,85.6,90.7,100.3,121.7,124.5,126.4,121.5,141.9,137.1,134.4,139.5,147.9,151.7,161.9,145.6,165.9,151.3,175.3,133.8,153.8,135.6,138.2,90,109.4,159.6,172.2,146.6,171.7,186.4,203.1,178.4,185.4,165.3,-219.1,194.5,232.3,198.2,198.8
EBITDA Margin,14.69%,15.92%,14.72%,14.47%,16.22%,18.62%,19.92%,19.77%,19.08%,21.27%,20.05%,19.25%,18.85%,20.04%,20.23%,21.06%,18.48%,19.91%,20.06%,21.58%,17.88%,20.09%,18.62%,18.40%,14.13%,16.48%,21.00%,20.64%,19.06%,19.97%,20.38%,20.40%,18.25%,19.19%,18.91%,-23.41%,20.13%,24.18%,21.14%,20.12%
Depreciation & Amortization,14.8,14.8,14.8,15.4,15.6,16,15.7,15.7,16.2,15.9,16.6,16.4,16.9,17.4,17.6,18.2,17.9,17.5,17.8,18.7,20.2,18.2,19.7,20.2,20.1,19.9,20.7,19.3,19.5,19.5,19,19.9,20.3,18,18.2,20.4,19.2,18.9,19.4,20.8
EBIT,66.3,80,70.8,75.3,84.7,105.7,108.8,110.7,105.3,126,120.5,118,122.6,130.5,134.1,143.7,127.7,148.4,133.5,156.6,113.6,135.6,115.9,118,69.9,89.5,138.9,152.9,127.1,152.2,167.4,183.2,158.1,167.4,147.1,-239.5,175.3,213.4,178.8,178
EBIT Margin,12.01%,13.44%,12.17%,12.01%,13.69%,16.17%,17.41%,17.31%,16.53%,18.89%,17.62%,16.90%,16.57%,17.68%,17.88%,18.70%,16.21%,17.81%,17.70%,19.27%,15.18%,17.72%,15.92%,15.71%,10.98%,13.48%,18.28%,18.32%,16.53%,17.70%,18.30%,18.40%,16.17%,17.33%,16.83%,-25.58%,18.14%,22.21%,19.07%,18.01%
