,2014-01-25,2014-04-30,2014-08-02,2014-11-01,2015-01-31,2015-04-30,2015-08-01,2015-10-31,2016-01-30,2016-04-30,2016-07-30,2016-10-29,2017-01-28,2017-04-30,2017-07-29,2017-10-28,2018-01-27,2018-04-30,2018-07-28,2018-10-27,2019-01-26,2019-04-30,2019-07-27,2019-10-26,2020-01-25,2020-04-30,2020-08-01,2020-10-31,2021-01-30,2021-04-30,2021-07-31,2021-10-30,2022-01-29,2022-04-30,2022-07-30,2022-10-29,2023-01-28,2023-04-30,2023-07-29,2023-10-28
Revenue,69.22,73.5,51.87,52.66,68.4,86.47,47.05,64.73,67.56,54.4,36.22,50.12,53.16,93.61,34.36,65.8,54.63,113.63,78.04,72.98,75.32,87.93,86.91,83.27,61.89,135.22,87.45,92.67,78.78,136.02,101.01,122.01,90.09,132.62,108.52,111.58,134.4,186.04,152.35,180.82
Revenue Growth (YoY),47.01%,35.83%,17.56%,-18.81%,-1.19%,17.65%,-9.29%,22.91%,-1.22%,-37.09%,-23.02%,-22.58%,-21.31%,72.08%,-5.13%,31.30%,2.77%,21.39%,127.13%,10.91%,37.87%,-22.62%,11.36%,14.10%,-17.83%,53.78%,0.62%,11.28%,27.29%,0.59%,15.50%,31.67%,14.36%,-2.49%,7.43%,-8.54%,49.17%,40.28%,40.39%,62.04%
Cost of Revenue,42.17,43.36,37.81,34.79,41.4,41.12,31.03,33.2,40.94,23,29.54,32.7,33.81,40.19,25.66,35.66,36.38,63.04,45.45,44.58,44.93,50.91,45.64,48.11,38.4,82.06,52.04,51.81,50.14,76.36,72.29,79.55,68.66,84,74.8,85.69,88.89,117.64,86.69,105.47
Gross Profit,27.05,30.14,14.05,17.87,26.99,45.35,16.02,31.53,26.63,31.39,6.68,17.42,19.35,53.42,8.7,30.14,18.25,50.59,32.59,28.4,30.39,37.02,41.27,35.17,23.5,53.17,35.41,40.85,28.64,59.66,28.72,42.46,21.44,48.62,33.71,25.89,45.51,68.4,65.66,75.35
"Selling, General & Admin",13.17,16.97,13.4,13.47,13.27,15.62,15.26,14.73,13.31,7.16,13.66,13.39,12.79,7.8,11.29,12.77,11.48,15.29,11.96,13.65,14.46,20.28,13.67,16.26,13.22,16.34,12.01,14.98,15.65,24.84,27.13,24.82,22.55,21.94,21.94,23.61,24.75,61.6,23.83,28.15
Research & Development,5.24,6.22,7.12,8.53,8.58,22.26,9.83,9.9,8.25,7.07,8.6,8.52,7.99,3.36,5.54,6.84,6.61,7.44,6.44,8.11,8.09,11.6,8.71,10.86,11.38,15.53,11.1,11.98,13.63,17.05,13.71,14.3,13.01,13.67,15.05,16.59,16.16,16.46,15.47,22.03
Other Operating Expenses,0,0,0,0,0,0,0,0,0,0,0,0,0,0,0,0,0,0,0,0,0,0,0,0,0,0,0,0,0,0,0,0,0,0,0,0,0,156.02,0,0
Operating Expenses,18.41,23.19,20.53,22,21.85,37.88,25.09,24.63,21.56,14.23,22.26,21.9,20.78,11.16,16.83,19.61,18.09,22.73,18.39,21.76,22.55,31.88,22.38,27.11,24.6,31.87,23.11,26.95,29.28,41.9,40.84,39.12,35.56,35.61,36.99,40.2,40.9,234.08,39.29,50.17
Operating Income,8.64,6.95,-6.47,-4.13,5.15,7.47,-9.06,6.9,5.07,17.17,-15.58,-4.49,-1.43,42.26,-8.13,10.53,0.16,27.87,14.2,6.64,7.84,5.14,18.9,8.05,-1.11,21.3,12.3,13.9,-0.64,17.76,-12.11,3.34,-14.13,13.01,-3.27,-14.31,4.61,-165.68,26.37,25.18
Interest Expense / Income,0,0,0,0,0,0,0,0,0,0,0,0,0,0,0,0,0,0,0,0,0,-4.67,0,0,0,-4.83,-0.21,-0.12,-0.09,1.04,1.28,1.38,1.51,1.28,1.6,2.31,2.81,2.65,2.01,1.95
Other Expense / Income,-4.87,-2.91,-0.8,0.39,0.06,0.47,2.17,-0.08,0.03,6,-0.08,-0.27,-0.34,3.59,0.95,-0.55,0.1,2.26,-15.7,-0.62,-1.47,4.22,-0.35,-0.56,-0.06,6.01,1.22,9.43,0.17,8.01,1.55,8.95,-0.25,-11.02,0.91,0.5,3,-1.57,1.15,4.25
Pretax Income,13.52,9.85,-5.67,-4.52,5.09,7,-11.23,6.98,5.03,11.17,-15.51,-4.22,-1.08,38.66,-9.08,11.08,0.06,25.6,29.9,7.27,9.32,5.6,19.24,8.61,-1.05,20.12,11.29,4.59,-0.71,8.71,-14.94,-6.99,-15.39,22.75,-5.79,-17.13,-1.21,-166.75,23.21,18.98
Income Tax,2.3,1.8,-2.06,-1.62,2.76,-0.09,-4.25,2.56,-1.13,5.8,-3.86,-0.05,1.1,7.57,-3.22,3.36,0.83,8.83,2.57,1.21,0.95,-0.08,2.13,1.11,-0.04,2.65,1.21,2.49,-0.92,-2.24,-0.96,-9.51,-15.4,15.5,2.61,-10.46,-0.53,-6.28,1.31,1.14
Net Income,11.22,8.06,-3.61,-2.9,2.33,7.08,-6.98,4.42,6.16,5.36,-11.64,-4.17,-2.18,31.1,-5.86,7.72,-0.78,16.78,27.33,6.06,8.37,5.68,17.11,7.5,-1.01,17.47,10.08,2.09,0.21,10.95,-13.98,2.53,0.01,7.26,-8.4,-6.67,-0.68,-160.47,21.9,17.84
Net Income Growth,189.89%,-,-,-,-79.27%,-12.13%,-,-,165.12%,-24.24%,-,-,-,479.74%,-,-,-,-46.06%,-,-21.57%,-,-66.13%,-37.39%,23.84%,-,207.48%,-41.09%,-72.08%,-,-37.35%,-,20.58%,-95.26%,-33.69%,-,-,-,-,-,-
Shares Outstanding (Basic),22,23,23,23,23,23,23,23,23,23,23,23,23,23,23,23,24,24,24,24,24,24,24,24,24,24,24,24,24,24,25,25,25,25,25,25,25,25,26,27
Shares Outstanding (Diluted),23,23,23,23,23,24,23,23,23,23,23,23,23,24,23,24,24,24,24,24,24,24,24,24,24,24,24,24,24,25,25,25,25,25,25,25,25,25,26,27
Shares Change,2.12%,1.21%,2.54%,0.80%,0.99%,5.75%,0.63%,1.18%,-0.11%,-3.41%,0.04%,-0.43%,-0.00%,4.09%,1.65%,3.40%,1.87%,-0.88%,2.89%,1.12%,2.41%,0.69%,0.25%,-0.15%,-1.08%,0.12%,0.48%,0.56%,1.85%,2.81%,1.79%,2.85%,2.55%,-0.13%,0.75%,0.06%,0.53%,2.79%,5.54%,8.26%
EPS (Basic),0.50,0.36,-0.16,-0.13,0.10,0.31,-0.30,0.19,0.27,0.23,-0.51,-0.18,-0.09,1.35,-0.25,0.33,-0.03,0.71,1.16,0.26,0.35,0.23,0.72,0.32,-0.04,0.74,0.42,0.09,0.01,0.45,-0.57,0.10,-,0.29,-0.34,-0.27,-0.03,-6.41,0.84,0.66
EPS (Diluted),0.49,0.35,-0.16,-0.13,0.10,0.31,-0.30,0.19,0.27,0.23,-0.51,-0.18,-0.09,1.34,-0.25,0.32,-0.03,0.70,1.14,0.25,0.35,0.23,0.71,0.31,-0.04,0.73,0.42,0.09,0.01,0.45,-0.57,0.10,-,0.29,-0.34,-0.27,-0.03,-6.41,0.84,0.66
EPS Growth,188.24%,-,-,-,-79.59%,-11.43%,-,-,170.00%,-25.81%,-,-,-,482.61%,-,-,-,-47.76%,-,-21.88%,-,-67.14%,-37.72%,24.00%,-,217.39%,-40.85%,-70.97%,-,-38.36%,-,11.11%,-,-35.56%,-,-,-,-,-,-
Free Cash Flow,11.69,30.89,15.7,-4.41,3.45,19.39,-12.21,-13.5,15.76,4.39,-3.87,-6.92,-11.22,2.49,18.58,0.09,1.74,39.24,-3,-5.67,1.51,25.21,1.29,-0.14,5.49,7.32,22.77,29.77,17.95,4.78,-20.73,4.24,-23.75,8.33,10.49,13.85,-25.66,-2.15,-20.69,-15
Free Cash Flow Per Share,0.52,1.37,0.69,-0.19,0.15,0.85,-0.53,-0.59,0.69,0.19,-0.17,-0.30,-0.49,0.11,0.80,0.00,0.07,1.67,-0.13,-0.24,0.06,1.06,0.05,-0.01,0.23,0.31,0.95,1.24,0.75,0.20,-0.84,0.17,-0.96,0.34,0.42,0.56,-1.03,-0.09,-0.79,-0.56
Gross Margin,39.08%,41.01%,27.10%,33.93%,39.47%,52.45%,34.06%,48.71%,39.41%,57.71%,18.45%,34.75%,36.40%,57.07%,25.31%,45.81%,33.40%,44.53%,41.76%,38.91%,40.35%,42.11%,47.49%,42.23%,37.96%,39.32%,40.49%,44.08%,36.35%,43.86%,28.44%,34.80%,23.79%,36.66%,31.07%,23.20%,33.86%,36.77%,43.10%,41.67%
Operating Margin,12.49%,9.45%,-12.48%,-7.84%,7.53%,8.64%,-19.26%,10.66%,7.50%,31.56%,-43.02%,-8.95%,-2.68%,45.14%,-23.66%,16.00%,0.29%,24.52%,18.19%,9.10%,10.41%,5.85%,21.74%,9.67%,-1.79%,15.75%,14.06%,15.00%,-0.81%,13.06%,-11.99%,2.74%,-15.68%,9.81%,-3.02%,-12.83%,3.43%,-89.06%,17.31%,13.92%
Profit Margin,16.20%,10.96%,-6.96%,-5.51%,3.40%,8.19%,-14.84%,6.83%,9.12%,9.86%,-32.14%,-8.32%,-4.11%,33.22%,-17.05%,11.74%,-1.42%,14.76%,35.02%,8.30%,11.11%,6.46%,19.69%,9.01%,-1.63%,12.92%,11.53%,2.26%,0.27%,8.05%,-13.84%,2.07%,0.01%,5.47%,-7.74%,-5.98%,-0.50%,-86.26%,14.37%,9.87%
Free Cash Flow Margin,16.89%,42.03%,30.27%,-8.38%,5.05%,22.43%,-25.95%,-20.86%,23.32%,8.07%,-10.69%,-13.80%,-21.10%,2.66%,54.06%,0.13%,3.18%,34.54%,-3.84%,-7.77%,2.00%,28.67%,1.49%,-0.17%,8.88%,5.41%,26.04%,32.12%,22.78%,3.51%,-20.52%,3.48%,-26.36%,6.28%,9.67%,12.41%,-19.09%,-1.16%,-13.58%,-8.30%
Effective Tax Rate,17.01%,18.23%,-,-,54.30%,-1.22%,-,36.68%,-22.52%,51.97%,-,-,-,19.57%,-,30.30%,1437.93%,34.48%,8.59%,16.66%,10.16%,-1.48%,11.08%,12.87%,-,13.15%,10.69%,54.33%,-,-25.66%,-,-,-,68.10%,-,-,-,-,5.66%,5.99%
EBITDA,15.81,12.21,-3.48,-2.41,7.15,8.99,-9.83,8.34,6.81,10.48,-13.85,-2.47,0.71,38.53,-7.67,12.46,1.55,27.31,31.64,9.11,11.26,3.07,21.32,13.27,2.77,19.19,15.05,8.59,3.35,21.92,1.67,12.44,5.22,39.2,11.4,5.64,19.53,-110.04,34.35,31.67
EBITDA Margin,22.84%,16.61%,-6.71%,-4.57%,10.46%,10.40%,-20.89%,12.89%,10.08%,19.26%,-38.25%,-4.93%,1.33%,41.16%,-22.33%,18.93%,2.84%,24.03%,40.55%,12.48%,14.95%,3.49%,24.53%,15.94%,4.48%,14.19%,17.21%,9.27%,4.25%,16.11%,1.65%,10.20%,5.79%,29.56%,10.51%,5.06%,14.53%,-59.15%,22.55%,17.51%
Depreciation & Amortization,2.3,2.36,2.19,2.11,2.07,2,1.4,1.36,1.78,-0.69,1.65,1.75,1.79,-0.13,1.41,1.38,1.49,1.71,1.75,1.84,1.95,2.14,2.08,4.66,3.82,3.9,3.97,4.12,4.16,12.17,15.33,18.05,19.09,15.17,15.59,20.46,17.93,54.07,9.14,10.74
EBIT,13.52,9.85,-5.67,-4.52,5.09,7,-11.23,6.98,5.03,11.17,-15.51,-4.22,-1.08,38.66,-9.08,11.08,0.06,25.6,29.9,7.27,9.32,0.93,19.24,8.61,-1.05,15.29,11.08,4.47,-0.81,9.75,-13.66,-5.61,-13.88,24.03,-4.19,-14.82,1.6,-164.11,25.22,20.93
EBIT Margin,19.52%,13.41%,-10.93%,-8.58%,7.44%,8.09%,-23.87%,10.78%,7.45%,20.53%,-42.81%,-8.42%,-2.03%,41.30%,-26.43%,16.84%,0.11%,22.53%,38.31%,9.96%,12.37%,1.05%,22.14%,10.34%,-1.69%,11.31%,12.67%,4.82%,-1.02%,7.17%,-13.53%,-4.60%,-15.40%,18.12%,-3.86%,-13.28%,1.19%,-88.21%,16.55%,11.57%
