,2014-03-31,2014-06-30,2014-09-30,2014-12-31,2015-03-31,2015-06-30,2015-09-30,2015-12-31,2016-03-31,2016-06-30,2016-09-30,2016-12-31,2017-03-31,2017-06-30,2017-09-30,2017-12-31,2018-03-31,2018-06-30,2018-09-30,2018-12-31,2019-03-31,2019-06-30,2019-09-30,2019-12-31,2020-03-31,2020-06-30,2020-09-30,2020-12-31,2021-03-31,2021-06-30,2021-09-30,2021-12-31,2022-03-31,2022-06-30,2022-09-30,2022-12-31,2023-03-31,2023-06-30,2023-09-30,2023-12-31
Revenue,205.93,208.49,213.1,216.46,215.43,220.65,227.19,229.66,217.6,221.48,220.24,217.14,219.52,223.37,228.18,229.83,230.68,237.13,241.77,244.92,248.57,255.76,260.67,263.46,265.88,250.68,265.72,261.55,267.57,276.52,294.13,305.36,311.36,361.72,373.77,375.91,378.16,385.5,390.78,778.26
Revenue Growth (YoY),4.96%,3.46%,5.52%,5.94%,4.62%,5.83%,6.61%,6.10%,1.00%,0.37%,-3.06%,-5.45%,0.89%,0.85%,3.61%,5.84%,5.08%,6.16%,5.96%,6.57%,7.75%,7.86%,7.82%,7.57%,6.96%,-1.99%,1.94%,-0.72%,0.64%,10.31%,10.69%,16.75%,16.37%,30.81%,27.08%,23.10%,21.46%,6.58%,4.55%,107.03%
Cost of Revenue,81.42,82.98,85.33,83.61,85.45,85.99,91.22,87.56,85.24,87.57,86.88,80.64,87.38,87.87,95.46,87.71,91.57,92.62,95.28,94.14,98.68,98.84,101.34,98.53,101.51,106.44,107.96,107.07,108.19,110.43,117.87,111.39,118.7,135.45,140.12,134.93,143.39,146.77,148.44,0
Gross Profit,124.51,125.51,127.77,132.85,129.99,134.66,135.97,142.1,132.35,133.91,133.36,136.5,132.14,135.5,132.72,142.11,139.11,144.51,146.49,150.78,149.89,156.92,159.33,164.93,164.37,144.24,157.76,154.48,159.38,166.1,176.26,193.97,192.66,226.26,233.65,240.98,234.77,238.73,242.34,778.26
General & Administrative,9.55,10.53,10.33,20.6,9.75,11.58,11.79,13.11,12.22,11.8,10.81,12.58,12.87,12.45,12.27,13,12.22,12.27,12.62,13.62,13.31,13.26,13.46,13.17,13.23,14.39,12.73,13.27,14.22,15.25,14.96,14.94,14.79,15.73,14,15.89,15.36,15.86,15.54,15.74
Other Operating Expenses,3.02,2.15,2.13,2.53,1.56,1.62,1.9,1.92,1.77,1.79,1.67,1.64,1.75,1.94,2.12,2.37,2,1.83,1.83,1.58,1.84,1.87,2.14,2.85,2.53,2.38,2.54,3.35,2.21,2.26,3.25,2.82,110.69,156.54,158.26,146.34,141.87,0,0,0
Operating Expenses,63.92,66.34,67.38,79.17,69.72,73.69,74.97,77.08,72.55,72.47,71.98,73.71,74.85,75.54,77.16,78.83,80.45,86.02,87.27,90.72,91.74,96.04,97.13,95.87,102.57,104.81,100.76,101.85,105.16,112.57,123.17,128.63,125.48,172.28,172.26,162.23,157.22,158.2,158.83,15.74
Operating Income,60.59,59.17,60.39,53.68,60.27,60.97,61,64.16,36.24,61.44,61.39,62.79,57.29,59.96,55.56,63.29,58.67,58.5,59.23,60.06,58.15,41.86,42.96,69.06,61.81,39.43,57,52.64,54.22,53.53,53.09,68.66,72.36,54.65,61.48,78.89,77.61,90.25,47.21,221.43
Interest Income,0.29,0.04,0.43,0.08,0.06,0.14,0.11,0.29,0.22,0.22,0.93,0.84,0.63,0.56,0.39,1.43,0.79,0.49,0.39,0.43,0.3,0.33,1.49,0.98,0.33,0.33,1.95,0.35,0.33,0.26,0.44,0.19,2.13,0.66,0.09,0.14,0.06,0.43,0.06,0
Interest Expense,23.13,22.75,22.97,24.42,24.61,24.41,23.27,23.74,23.79,23.07,23.08,23.21,22.96,21.97,21.21,20.62,20.37,20.61,21.24,22.05,20.47,19.35,20.72,20.17,19.71,23.48,24.27,24.07,23.64,24.08,24.99,24.58,24.54,29.02,29.19,30.67,32.84,33.58,33.01,0
Other Expense / Income,-2.77,0.8,-0.79,-149.83,-80.31,0.21,0.3,-20.43,-29.37,-408.21,-252.06,-0.89,-0.37,-0.66,-0.16,-44.1,-0.7,-0.67,-0.82,-1.08,-0.8,-19.78,-20.18,-45.52,-1.32,-0.6,-0.89,-0.78,-0.79,-0.94,-1.42,-169.23,-31.39,-471.91,1.83,1.9,1.76,-34.85,-34.45,-
Pretax Income,41.55,36.69,39.69,185.3,121.49,37.61,38.69,62.34,38.18,72.51,303.82,42.49,36.46,40.34,35.99,89.3,40.91,40.25,40.32,40.63,39.89,43.77,45.1,96.61,44.93,17.91,36.84,30.88,32.83,31.9,31.09,218.46,84.19,499.77,32.29,48.22,44.77,93.79,50.57,225.07
Income Tax,0.47,0.4,0.35,0.68,0.43,0.41,0.5,0.54,0.32,0.49,0.4,0.41,0.47,0.03,0.51,0.22,0.39,0.38,0.33,0.33,0.17,0.23,0.31,0.38,0.47,0.39,0.62,0.5,0.35,0.46,0.48,0.6,0.59,0.89,0.74,0.75,1.15,0.85,0.75,-0.9
Net Income,40.04,35.27,38.28,178.5,115.6,36.08,37.04,60.59,41.73,446.3,290.9,40.89,34.86,39.19,34.38,87.99,39.4,38.67,38.87,39.2,38.61,42.4,43.6,95.01,43.28,16.48,34.96,29.19,31.35,30.18,29.48,212.9,80.75,497.32,29.8,45.71,41.92,91.1,47.96,222.33
Net Income Growth,-36.93%,-51.13%,-45.87%,37.31%,188.74%,2.29%,-3.24%,-66.05%,-63.90%,1137.01%,685.28%,-32.51%,-16.46%,-91.22%,-88.18%,115.17%,13.01%,-1.32%,13.04%,-55.45%,-1.99%,9.64%,12.17%,142.41%,12.10%,-61.14%,-19.82%,-69.28%,-27.58%,83.16%,-15.66%,629.28%,157.58%,1547.88%,1.09%,-78.53%,-48.09%,-81.68%,60.93%,386.40%
Shares Outstanding (Basic),88,88,88,89,89,89,89,89,89,90,90,90,90,90,91,95,95,95,95,95,97,99,99,99,99,99,99,99,100,101,103,105,105,108,108,108,109,109,109,109
Shares Outstanding (Diluted),89,89,89,90,90,90,90,90,91,90,90,91,91,91,92,97,96,95,95,95,97,99,99,101,99,99,99,100,100,101,103,105,106,110,109,109,109,109,109,110
Shares Change,1.77%,0.57%,0.72%,1.74%,1.85%,1.44%,0.20%,0.21%,0.05%,-0.43%,0.54%,0.47%,0.49%,1.31%,2.25%,6.85%,5.60%,4.72%,3.68%,-1.65%,1.04%,3.84%,3.82%,5.73%,2.41%,0.42%,0.39%,-1.41%,0.24%,1.37%,3.74%,5.97%,6.56%,8.91%,5.17%,2.91%,2.31%,-0.32%,0.18%,1.66%
EPS (Basic),0.46,0.40,0.43,2.01,1.30,0.40,0.42,0.68,0.47,4.98,3.24,0.46,0.39,0.43,0.38,0.93,0.41,0.41,0.41,0.41,0.40,0.43,0.44,0.96,0.44,0.17,0.35,0.29,0.31,0.30,0.29,2.04,0.77,4.60,0.28,0.42,0.39,0.84,0.44,2.05
EPS (Diluted),0.45,0.40,0.43,1.98,1.28,0.40,0.41,0.67,0.46,4.97,3.23,0.45,0.38,0.43,0.37,0.91,0.41,0.41,0.41,0.41,0.40,0.43,0.44,0.94,0.44,0.17,0.35,0.29,0.31,0.30,0.29,2.02,0.76,4.53,0.28,0.42,0.39,0.84,0.44,2.02
EPS Growth,-38.36%,-51.22%,-46.25%,34.69%,184.44%,0%,-4.65%,-66.16%,-64.06%,1142.50%,687.80%,-32.84%,-17.39%,-91.35%,-88.54%,102.22%,7.89%,-4.65%,10.81%,-54.95%,-2.44%,4.88%,7.32%,129.27%,10.00%,-60.47%,-20.45%,-69.15%,-29.55%,76.47%,-17.14%,596.55%,145.16%,1410.00%,-3.45%,-79.21%,-48.68%,-81.46%,57.14%,380.95%
Free Cash Flow,-16.79,-16.07,-57.92,10.24,-21.05,-21.22,-22.08,24.55,16.41,23.45,40.14,31.25,5.27,10.2,45.22,58.64,21.52,15.33,38.41,49.87,40.91,13.15,-1.21,95.83,40.27,1.03,49.55,68.3,-26.8,-1.87,57.37,100.83,-7.57,31.76,47.89,154.35,61.28,47.8,122.57,138.28
Free Cash Flow Per Share,-0.19,-0.18,-0.65,0.11,-0.23,-0.24,-0.25,0.27,0.18,0.26,0.45,0.34,0.06,0.11,0.49,0.60,0.22,0.16,0.40,0.52,0.42,0.13,-0.01,0.95,0.41,0.01,0.50,0.69,-0.27,-0.02,0.56,0.96,-0.07,0.29,0.44,1.42,0.56,0.44,1.13,1.25
Gross Margin,60.46%,60.20%,59.96%,61.38%,60.34%,61.03%,59.85%,61.87%,60.83%,60.46%,60.55%,62.86%,60.20%,60.66%,58.17%,61.83%,60.31%,60.94%,60.59%,61.56%,60.30%,61.35%,61.12%,62.60%,61.82%,57.54%,59.37%,59.06%,59.57%,60.07%,59.93%,63.52%,61.88%,62.55%,62.51%,64.11%,62.08%,61.93%,62.01%,100.00%
Operating Margin,29.42%,28.38%,28.34%,24.80%,27.98%,27.63%,26.85%,27.94%,16.65%,27.74%,27.87%,28.92%,26.10%,26.84%,24.35%,27.54%,25.43%,24.67%,24.50%,24.52%,23.39%,16.37%,16.48%,26.21%,23.25%,15.73%,21.45%,20.12%,20.27%,19.36%,18.05%,22.48%,23.24%,15.11%,16.45%,20.99%,20.52%,23.41%,12.08%,28.45%
Profit Margin,19.44%,16.92%,17.96%,82.46%,53.66%,16.35%,16.31%,26.38%,19.18%,201.51%,132.09%,18.83%,15.88%,17.54%,15.07%,38.28%,17.08%,16.31%,16.08%,16.00%,15.53%,16.58%,16.72%,36.06%,16.28%,6.57%,13.16%,11.16%,11.72%,10.91%,10.02%,69.72%,25.93%,137.49%,7.97%,12.16%,11.08%,23.63%,12.27%,28.57%
Free Cash Flow Margin,-8.15%,-7.71%,-27.18%,4.73%,-9.77%,-9.62%,-9.72%,10.69%,7.54%,10.59%,18.23%,14.39%,2.40%,4.57%,19.82%,25.51%,9.33%,6.46%,15.89%,20.36%,16.46%,5.14%,-0.46%,36.37%,15.14%,0.41%,18.65%,26.11%,-10.02%,-0.68%,19.50%,33.02%,-2.43%,8.78%,12.81%,41.06%,16.21%,12.40%,31.37%,17.77%
Effective Tax Rate,1.14%,1.09%,0.89%,0.36%,0.35%,1.08%,1.29%,0.86%,0.83%,0.67%,0.13%,0.97%,1.29%,0.06%,1.42%,0.24%,0.95%,0.94%,0.82%,0.80%,0.42%,0.52%,0.69%,0.39%,1.04%,2.20%,1.67%,1.61%,1.07%,1.44%,1.54%,0.28%,0.70%,0.18%,2.28%,1.56%,2.57%,0.91%,1.49%,-0.40%
EBITDA,121.72,117.09,120.02,115.14,122.44,125.75,127.04,132.87,123.62,125.8,127.01,128.47,123.47,127.34,124.21,134.88,131.51,136.43,138.03,141.36,140.63,147.77,151.63,164.41,156.12,134.19,151.68,147.05,149.61,155.57,167.53,185.16,185.5,212.38,220.36,226.16,220.06,224.02,227.94,366.39
EBITDA Margin,59.11%,56.16%,56.32%,53.19%,56.84%,56.99%,55.92%,57.86%,56.81%,56.80%,57.67%,59.16%,56.25%,57.01%,54.44%,58.69%,57.01%,57.53%,57.09%,57.72%,56.58%,57.77%,58.17%,62.40%,58.72%,53.53%,57.08%,56.22%,55.91%,56.26%,56.96%,60.64%,59.58%,58.72%,58.95%,60.16%,58.19%,58.11%,58.33%,47.08%
Depreciation & Amortization,56.08,57.4,57.95,59.18,61.11,61.53,63.73,65.08,66.75,62.09,62.46,62.83,62.77,63.73,65.03,67.01,68.19,70.22,75.57,76.48,78.68,80.27,84.65,85.81,85.54,91.86,92.8,90.58,91.93,93.14,99.59,111.46,116.5,113.14,157.73,158.88,147.27,142.44,143.05,144.36
EBIT,65.65,59.69,62.07,55.96,61.34,64.22,63.31,67.79,56.87,63.71,64.55,65.64,60.71,63.6,59.18,67.86,63.32,66.2,62.46,64.88,61.96,67.49,66.98,78.59,70.58,42.33,58.87,56.48,57.69,62.43,67.95,73.7,69,99.24,62.62,67.29,72.79,81.57,84.88,222.03
EBIT Margin,31.88%,28.63%,29.13%,25.85%,28.47%,29.10%,27.87%,29.52%,26.14%,28.76%,29.31%,30.23%,27.65%,28.47%,25.94%,29.53%,27.45%,27.92%,25.84%,26.49%,24.93%,26.39%,25.70%,29.83%,26.55%,16.89%,22.16%,21.59%,21.56%,22.58%,23.10%,24.13%,22.16%,27.44%,16.75%,17.90%,19.25%,21.16%,21.72%,28.53%
