,2014-03-31,2014-06-30,2014-09-30,2014-12-31,2015-03-31,2015-06-30,2015-09-30,2015-12-31,2016-03-31,2016-06-30,2016-09-30,2016-12-31,2017-03-31,2017-06-30,2017-09-30,2017-12-31,2018-03-31,2018-06-30,2018-09-30,2018-12-31,2019-03-31,2019-06-30,2019-09-30,2019-12-31,2020-03-31,2020-06-30,2020-09-30,2020-12-31,2021-03-31,2021-06-30,2021-09-30,2021-12-31,2022-03-31,2022-06-30,2022-09-30,2022-12-31,2023-03-31,2023-06-30,2023-09-30,2023-12-31
Revenue,291.43,315.17,301.47,311.29,309.71,333.71,321.62,332.87,333.19,366.97,345.03,348.55,353.77,340.94,361.28,357.21,374.05,378.26,392.54,386.28,380.36,393.51,438.01,419.12,429.41,410.54,451.8,422.36,433.78,450.29,488.06,493.9,478.26,482.67,529.2,505.31,508.55,534.63,571.37,545.7
Revenue Growth (YoY),3.51%,14.07%,8.55%,7.77%,6.27%,5.88%,6.68%,6.93%,7.58%,9.97%,7.28%,4.71%,6.18%,-7.09%,4.71%,2.48%,5.73%,10.94%,8.65%,8.14%,1.69%,4.03%,11.58%,8.50%,12.89%,4.33%,3.15%,0.77%,1.02%,9.68%,8.02%,16.94%,10.26%,7.19%,8.43%,2.31%,6.33%,10.77%,7.97%,7.99%
Cost of Revenue,174.06,179.05,174.88,180.26,177.89,187.3,183.66,190.45,194.27,205.27,194.76,198.15,206.73,206.22,203.92,207.1,218.52,223.61,220.11,227.28,235.59,240.04,245.79,249.27,258.57,254.84,262.93,257.78,267.77,274.92,276.64,282.83,282.34,286.82,298.26,304.59,307.35,308.87,323,320.98
Gross Profit,117.38,136.12,126.59,131.04,131.82,146.42,137.96,142.43,138.91,161.7,150.27,150.41,147.04,134.72,157.37,150.11,155.53,154.65,172.43,158.99,144.77,153.47,192.21,169.85,170.84,155.7,188.87,164.58,166.01,175.37,211.42,211.07,195.92,195.86,230.94,200.73,201.21,225.77,248.37,224.72
"Selling, General & Admin",35.35,35.78,38.17,33.69,37.09,44.41,38.86,38.78,39.23,40.72,39.11,40.93,39.79,39.44,41.09,43.09,42.23,45.3,45.18,46.8,44.68,49.32,49.44,48.96,50.59,49,45.23,44.17,47.41,50.26,51.07,55.49,53.61,58.12,57.23,56.79,58.19,63.07,78.77,70.28
Research & Development,17.49,17.45,16.79,17.68,17.52,19.5,18.55,18.86,19.85,23.97,19.74,20.87,20.8,23.34,20.93,22.41,22.59,24.41,24.03,23.99,23.44,24.92,24.59,27.19,28.31,29.9,26.06,26.78,27.4,28.81,26.75,29.92,30.73,33.96,32.99,36.56,34.63,38.5,36.89,35.48
Other Operating Expenses,0,0,0,0,0,0,0,0,0,0,0,0,-2.29,2.25,-1.71,-0.19,0,1.89,0,0,0.21,-0.18,0,0,0,0,0,0,0,0,0,0,0,0,0,0,0,0,0,0
Operating Expenses,52.83,53.23,54.96,51.37,54.61,63.91,57.42,57.64,59.08,64.69,58.85,61.8,58.31,65.03,60.31,65.32,64.82,71.6,69.21,70.79,68.33,74.05,74.03,76.15,78.9,78.91,71.28,70.95,74.8,79.07,77.83,85.41,84.33,92.09,90.22,93.35,92.82,101.57,115.67,105.76
Operating Income,64.54,82.89,71.63,79.67,77.2,82.5,80.54,84.79,79.83,97.01,91.42,88.61,88.73,69.69,97.06,84.79,90.71,83.06,103.22,88.2,76.44,79.42,118.19,93.7,91.94,76.8,117.59,93.63,91.2,96.3,133.6,125.66,111.59,103.77,140.72,107.38,108.39,124.2,132.7,118.97
Interest Expense / Income,0.26,0.3,0.27,0.34,0.67,0.32,0.22,0.28,0.49,0.45,0.14,0.18,0.28,0.39,0.19,0.25,0.73,0.75,0.15,0.15,0.22,0.41,0.16,0.16,0.17,0.21,0.12,0.12,0.29,0.62,0.25,0.45,0.69,1,1.58,3.41,4.67,5.42,4.2,3.87
Other Expense / Income,-0.08,-0.03,-0.06,-0.03,-0.03,-6.93,-0.11,-0.09,-0.05,-19.54,-0.11,-0.06,-0.04,-3.31,-0.15,-0.15,-0.13,-2.05,-0.29,-0.25,-0.16,-0.18,-0.51,-0.35,-0.2,-0.09,-0.07,-0.05,-0.02,-0.01,-0.01,-0.01,-0,-0.02,-0.15,-1.24,-2.39,-5.18,-4.75,-5.12
Pretax Income,64.36,82.62,71.42,79.36,76.57,89.11,80.43,84.6,79.4,116.11,91.38,88.48,88.5,72.61,97.02,84.69,90.1,84.35,103.37,88.31,76.37,79.19,118.54,93.89,91.97,76.67,117.54,93.57,90.94,95.68,133.35,125.22,110.9,102.79,139.3,105.21,106.12,123.95,133.25,120.22
Income Tax,21.76,30.1,25.33,25.47,25.85,28.56,29.06,25.25,25.52,31.84,29.14,29.67,28.45,24.15,30.15,-76.56,21.02,16.52,19.82,20.22,17.12,18.2,29.17,21.8,18.12,15.33,26.32,21.59,19.53,18.82,31.24,29.55,26.19,22.37,32.75,24.44,24.57,26.18,31.57,28.26
Net Income,42.61,52.53,46.09,53.88,50.71,60.54,51.37,59.35,53.88,84.27,62.24,58.81,60.04,48.46,66.87,161.24,69.09,67.84,83.55,68.09,59.25,60.99,89.37,72.1,73.86,61.35,91.22,71.98,71.41,76.86,102.11,95.67,84.71,80.43,106.55,80.78,81.55,97.77,101.68,91.97
Net Income Growth,-7.37%,35.96%,6.63%,11.42%,19.03%,15.26%,11.45%,10.14%,6.25%,39.19%,21.18%,-0.90%,11.43%,-42.50%,7.43%,174.16%,15.06%,39.98%,24.95%,-57.77%,-14.23%,-10.09%,6.96%,5.89%,24.65%,0.58%,2.07%,-0.16%,-3.31%,25.29%,11.95%,32.91%,18.62%,4.64%,4.34%,-15.57%,-3.73%,21.57%,-4.57%,13.85%
Shares Outstanding (Basic),85,84,82,81,81,81,81,79,79,79,78,78,78,78,77,77,77,77,77,77,77,77,77,77,77,77,77,76,75,74,74,74,73,73,73,73,73,73,73,73
Shares Outstanding (Diluted),85,84,83,82,81,81,81,80,79,79,79,78,78,78,78,78,78,78,78,77,77,77,77,77,77,77,77,76,75,74,74,74,73,73,73,73,73,73,73,73
Shares Change,-1.43%,-2.60%,-3.80%,-5.06%,-5.12%,-3.79%,-2.24%,-2.28%,-2.38%,-2.25%,-2.34%,-1.99%,-1.56%,-1.51%,-1.52%,-0.79%,-0.50%,-0.62%,-0.14%,-0.20%,-0.34%,-0.55%,-0.61%,-0.61%,-0.52%,-0.40%,-0.46%,-0.85%,-1.89%,-3.44%,-3.35%,-3.39%,-3.20%,-1.51%,-1.35%,-0.75%,0.08%,-0.08%,-0.17%,-0.22%
EPS (Basic),0.50,0.63,0.56,0.66,0.63,0.75,0.64,0.75,0.68,1.06,0.79,0.76,0.77,0.63,0.87,2.09,0.89,0.88,1.08,0.88,0.77,0.79,1.16,0.94,0.96,0.80,1.19,0.94,0.95,1.03,1.38,1.30,1.16,1.11,1.46,1.11,1.12,1.34,1.40,1.26
EPS (Diluted),0.50,0.63,0.56,0.66,0.63,0.75,0.64,0.74,0.68,1.06,0.79,0.75,0.77,0.62,0.86,2.08,0.89,0.87,1.08,0.88,0.77,0.80,1.16,0.94,0.96,0.80,1.19,0.94,0.95,1.04,1.38,1.30,1.16,1.10,1.46,1.10,1.12,1.34,1.39,1.26
EPS Growth,-5.66%,40.00%,12.00%,17.86%,26.00%,19.05%,14.29%,12.12%,7.94%,41.33%,23.44%,1.35%,13.24%,-41.51%,8.86%,177.33%,15.58%,40.32%,25.58%,-57.69%,-13.48%,-8.05%,7.41%,6.82%,24.68%,0%,2.59%,0%,-1.04%,30.00%,15.97%,38.30%,22.11%,5.77%,5.80%,-15.38%,-3.45%,21.82%,-4.79%,14.55%
Free Cash Flow,6.99,154.52,50.27,13.23,24.66,140.52,86.52,-24.09,19.61,122.66,101.47,-7.31,-1.08,133.63,108.69,3.21,26.22,137.55,96.1,8.97,4.54,156.93,81.49,44.88,23.24,201.26,78.55,43.09,33.77,161.58,61.31,42.32,60.44,157.72,90.38,1.91,-36.61,148.52,108.04,22.77
Free Cash Flow Per Share,0.08,1.84,0.61,0.16,0.30,1.74,1.07,-0.30,0.25,1.56,1.29,-0.09,-0.01,1.72,1.41,0.04,0.34,1.78,1.25,0.12,0.06,2.04,1.06,0.58,0.30,2.63,1.03,0.56,0.45,2.18,0.83,0.57,0.83,2.17,1.24,0.03,-0.50,2.04,1.48,0.31
Dividend Per Share,0.220,0.220,0.220,0.220,0.250,0.250,0.250,0.250,0.280,0.280,0.280,0.280,0.310,0.310,0.310,0.310,0.370,0.370,0.370,0.370,0.400,0.400,0.400,0.400,0.430,0.430,0.430,0.430,0.460,0.460,0.460,0.460,0.490,0.490,0.490,0.490,0.520,0.520,0.520,0.520
Dividend Growth,69.23%,10.00%,10.00%,10.00%,13.64%,13.64%,13.64%,13.64%,12.00%,12.00%,12.00%,12.00%,10.71%,10.71%,10.71%,10.71%,19.35%,19.35%,19.35%,19.35%,8.11%,8.11%,8.11%,8.11%,7.50%,7.50%,7.50%,7.50%,6.98%,6.98%,6.98%,6.98%,6.52%,6.52%,6.52%,6.52%,6.12%,6.12%,6.12%,6.12%
Gross Margin,40.27%,43.19%,41.99%,42.09%,42.56%,43.87%,42.89%,42.79%,41.69%,44.06%,43.55%,43.15%,41.56%,39.51%,43.56%,42.02%,41.58%,40.89%,43.93%,41.16%,38.06%,39.00%,43.88%,40.53%,39.78%,37.93%,41.80%,38.97%,38.27%,38.95%,43.32%,42.74%,40.97%,40.58%,43.64%,39.72%,39.56%,42.23%,43.47%,41.18%
Operating Margin,22.15%,26.30%,23.76%,25.59%,24.93%,24.72%,25.04%,25.47%,23.96%,26.44%,26.50%,25.42%,25.08%,20.44%,26.86%,23.74%,24.25%,21.96%,26.30%,22.83%,20.10%,20.18%,26.98%,22.36%,21.41%,18.71%,26.03%,22.17%,21.03%,21.39%,27.37%,25.44%,23.33%,21.50%,26.59%,21.25%,21.31%,23.23%,23.22%,21.80%
Profit Margin,14.62%,16.67%,15.29%,17.31%,16.37%,18.14%,15.97%,17.83%,16.17%,22.96%,18.04%,16.87%,16.97%,14.21%,18.51%,45.14%,18.47%,17.93%,21.28%,17.63%,15.58%,15.50%,20.40%,17.20%,17.20%,14.94%,20.19%,17.04%,16.46%,17.07%,20.92%,19.37%,17.71%,16.66%,20.13%,15.99%,16.04%,18.29%,17.80%,16.85%
Free Cash Flow Margin,2.40%,49.03%,16.67%,4.25%,7.96%,42.11%,26.90%,-7.24%,5.89%,33.42%,29.41%,-2.10%,-0.31%,39.19%,30.08%,0.90%,7.01%,36.36%,24.48%,2.32%,1.19%,39.88%,18.60%,10.71%,5.41%,49.02%,17.39%,10.20%,7.79%,35.88%,12.56%,8.57%,12.64%,32.68%,17.08%,0.38%,-7.20%,27.78%,18.91%,4.17%
Effective Tax Rate,33.80%,36.43%,35.47%,32.10%,33.77%,32.06%,36.14%,29.85%,32.14%,27.42%,31.89%,33.53%,32.15%,33.26%,31.07%,-90.40%,23.33%,19.58%,19.17%,22.90%,22.42%,22.98%,24.61%,23.21%,19.70%,19.99%,22.40%,23.07%,21.47%,19.67%,23.43%,23.60%,23.62%,21.76%,23.51%,23.22%,23.15%,21.12%,23.69%,23.50%
EBITDA,92.02,111.17,101.13,109.66,106.91,119.34,111.85,116.66,112.02,151.08,125.66,123.99,123.75,108.35,133.48,121.97,129.78,124.83,142.24,128.34,117.31,120.9,160.78,136.2,135.87,120.72,161.4,137.76,135.42,140.05,177.78,169.95,156.04,148.51,186.49,156.72,159.42,177.75,186.68,173.98
EBITDA Margin,31.57%,35.27%,33.55%,35.23%,34.52%,35.76%,34.78%,35.05%,33.62%,41.17%,36.42%,35.57%,34.98%,31.78%,36.95%,34.15%,34.70%,33.00%,36.24%,33.23%,30.84%,30.72%,36.71%,32.50%,31.64%,29.40%,35.72%,32.62%,31.22%,31.10%,36.43%,34.41%,32.63%,30.77%,35.24%,31.01%,31.35%,33.25%,32.67%,31.88%
Depreciation & Amortization,27.4,28.25,29.45,29.97,29.67,29.91,31.2,31.78,32.13,34.53,34.14,35.32,34.98,35.35,36.28,37.04,38.94,39.73,38.73,39.89,40.71,41.31,42.09,42.15,43.74,43.83,43.74,44.07,44.19,43.74,44.17,44.28,44.45,44.72,45.61,48.1,48.64,48.38,49.24,49.9
EBIT,64.63,82.92,71.68,79.69,77.24,89.43,80.65,84.88,79.88,116.55,91.53,88.67,88.77,73,97.2,84.94,90.84,85.1,103.51,88.46,76.6,79.6,118.7,94.05,92.14,76.88,117.66,93.68,91.23,96.3,133.6,125.67,111.59,103.79,140.88,108.62,110.78,129.37,137.45,124.09
EBIT Margin,22.17%,26.31%,23.78%,25.60%,24.94%,26.80%,25.08%,25.50%,23.98%,31.76%,26.53%,25.44%,25.09%,21.41%,26.91%,23.78%,24.28%,22.50%,26.37%,22.90%,20.14%,20.23%,27.10%,22.44%,21.46%,18.73%,26.04%,22.18%,21.03%,21.39%,27.37%,25.44%,23.33%,21.50%,26.62%,21.49%,21.78%,24.20%,24.06%,22.74%
