,2014-03-31,2014-06-30,2014-09-30,2014-12-31,2015-03-31,2015-06-30,2015-09-30,2015-12-31,2016-03-31,2016-06-30,2016-09-30,2016-12-31,2017-03-31,2017-06-30,2017-09-30,2017-12-31,2018-03-31,2018-06-30,2018-09-30,2018-12-31,2019-03-31,2019-06-30,2019-09-30,2019-12-31,2020-03-31,2020-06-30,2020-09-30,2020-12-31,2021-03-31,2021-06-30,2021-09-30,2021-12-31,2022-03-31,2022-06-30,2022-09-30,2022-12-31,2023-03-31,2023-06-30,2023-09-30,2023-12-31
Revenue,446.7,519.82,470.94,583.98,471.19,547.94,500.17,643.77,557.27,610,574.06,703.22,625.17,843.73,828.09,"1,015",963.57,"1,001",921.67,"1,089",970.44,"1,071","1,001","1,203","1,019",973.14,994.62,"1,113","1,104","1,167","1,156","1,306","1,263","1,377","1,332","1,505","1,409","1,503","1,409","1,586"
Revenue Growth (YoY),9.82%,16.54%,14.67%,12.15%,5.48%,5.41%,6.21%,10.24%,18.27%,11.33%,14.77%,9.23%,12.19%,38.32%,44.25%,44.27%,54.13%,18.68%,11.30%,7.33%,0.71%,6.95%,8.55%,10.53%,4.99%,-9.13%,-0.59%,-7.54%,8.36%,19.95%,16.25%,17.39%,14.37%,17.92%,15.19%,15.19%,11.57%,9.20%,5.78%,5.41%
Cost of Revenue,170.82,203.18,188.06,235.88,177.76,210.5,193.6,257.22,212.04,231.42,223.12,279.06,237.61,352,332.21,398.38,357.21,367.64,336.11,407.84,346.65,388,365.06,450.87,341.28,322.55,329.77,351.43,334.47,350.8,359.24,399.59,377.03,424.54,416.84,475.37,435.14,487.42,450.84,529.84
Gross Profit,275.88,316.64,282.88,348.1,293.42,337.44,306.56,386.55,345.23,378.58,350.94,424.15,387.56,491.73,495.88,616.13,606.36,633.7,585.56,681.04,623.8,682.88,635.45,752.63,677.61,650.58,664.85,761.33,769.57,816.52,797.05,906.74,885.71,951.99,915.03,"1,029",973.73,"1,016",957.94,"1,056"
"Selling, General & Admin",204.62,218.54,217.03,235.89,229.52,237.99,236.36,258.81,257.41,272.01,269.9,289.86,304.24,408.23,421.16,465.37,487.75,460.8,447.54,488.06,518.77,514.98,512.16,557.52,496.64,494.84,521.51,525.98,487.26,488.5,512.57,667.33,617.9,604.91,613.03,645.1,657.09,680.17,660.53,703.76
Other Operating Expenses,12.09,16.34,16.47,16.38,15.22,14.23,17.74,26.12,23.39,23.27,32.31,25.61,29.8,181.89,99.06,87.87,127.32,86.8,85.3,63.38,56.23,51.91,54.14,58.97,56.26,56.09,55.69,57.23,56.9,53.31,54.25,54,50.56,49.95,48.58,51.93,-91.32,52.49,53,51.11
Operating Expenses,216.71,234.88,233.49,252.26,244.74,252.22,254.09,284.93,280.8,295.28,302.21,315.47,334.05,590.12,520.23,553.24,615.07,547.6,532.84,551.43,575,566.88,566.3,616.49,552.9,550.93,577.2,583.2,544.16,541.8,566.82,721.33,668.46,654.86,661.61,697.03,565.77,732.66,713.53,754.86
Operating Income,59.17,81.76,49.39,95.84,48.68,85.22,52.47,101.62,64.43,83.3,48.73,108.69,53.51,-98.39,-24.35,62.89,-8.71,86.1,52.72,129.61,48.8,116,69.15,136.14,124.72,99.65,87.65,178.13,225.41,274.71,230.22,185.4,217.25,297.12,253.42,332.32,407.96,283.11,244.42,301.41
Interest Expense / Income,2.25,2.68,2.66,4.71,3.48,5.24,6.05,7.78,6.01,7.36,5.93,8.27,5.91,43.96,38.76,39.32,35.06,37.6,26.98,27.13,24.85,24.75,24.07,29.16,26.35,30.3,30.54,28.45,26.15,27.39,31.6,33.38,31.39,29.72,30.29,34.8,27.39,24.56,21.82,59
Other Expense / Income,0.23,-0.18,0.29,-1.16,0.96,0.47,-5.37,-2.83,-1.88,-1.25,-1.95,-5.77,-0.89,0.41,-1.17,-4.81,-0.9,-26.58,-12.21,-8.49,2.9,0.25,-8.02,-3.61,1.52,10.4,42.95,-6.48,-15.49,-131.86,-0.21,-25.07,-29.21,-8.55,-8.93,-6.61,-0.71,-5.58,-1.88,-34.84
Pretax Income,56.69,79.26,46.45,92.29,44.24,79.51,51.79,96.67,60.31,77.19,44.75,106.19,48.5,-142.75,-61.94,28.38,-42.87,75.07,37.95,110.97,21.05,91.01,53.1,110.58,96.85,58.96,14.17,156.16,214.75,379.19,198.83,177.1,215.06,275.95,232.06,304.12,381.28,264.12,224.47,277.25
Income Tax,18.96,26.22,12.6,33.14,15.89,28.36,21.43,30.9,15.32,25.57,14.26,39.7,12.06,-50.47,-13.76,-78.93,-23.28,28.8,26.2,26.95,0.26,-12.4,11.71,42.88,21.76,3.88,-2.8,36.55,50.65,107.95,49.97,-32.26,42.54,71.03,58.52,47.31,85.49,66.08,44.47,68.62
Net Income,37.74,53.04,33.85,59.14,28.35,51.16,30.37,65.76,44.99,51.63,30.48,66.49,36.43,-92.28,-48.18,107.31,-19.59,46.27,11.75,84.02,20.8,103.41,41.39,67.7,75.1,55.08,16.96,119.61,164.1,271.24,148.87,209.36,172.52,204.93,173.55,256.81,295.78,198.04,180.01,208.63
Net Income Growth,2.89%,14.03%,-11.38%,-3.70%,-24.87%,-3.55%,-10.28%,11.19%,58.68%,0.92%,0.39%,1.10%,-19.01%,-,-,61.40%,-,-,-,-21.70%,-,123.48%,252.15%,-19.42%,261.13%,-46.74%,-59.01%,76.67%,118.52%,392.47%,777.53%,75.04%,5.13%,-24.45%,16.58%,22.67%,71.45%,-3.36%,3.72%,-18.76%
Shares Outstanding (Basic),92,90,89,88,87,83,83,83,82,83,83,83,83,89,91,91,91,91,91,90,90,90,90,89,89,89,89,89,88,86,84,82,82,80,79,79,79,79,79,78
Shares Outstanding (Diluted),93,91,90,89,88,84,84,84,83,84,84,84,84,89,91,96,91,92,92,92,91,91,91,91,90,90,90,90,89,87,85,84,83,81,80,80,80,80,80,79
Shares Change,-2.44%,-4.67%,-4.93%,-5.28%,-5.83%,-7.13%,-6.24%,-5.77%,-4.91%,-0.66%,-0.37%,0.09%,0.76%,6.67%,8.14%,14.77%,8.22%,3.20%,1.68%,-4.82%,-0.00%,-1.05%,-1.37%,-1.24%,-1.03%,-1.54%,-1.03%,-0.61%,-1.03%,-3.55%,-5.77%,-6.81%,-6.92%,-6.48%,-5.55%,-4.51%,-3.24%,-1.43%,-0.67%,-1.27%
EPS (Basic),0.41,0.59,0.38,0.67,0.33,0.61,0.37,0.79,0.55,0.63,0.37,0.80,0.44,-1.03,-0.53,1.23,-0.22,0.51,0.13,0.93,0.23,1.15,0.46,0.76,0.84,0.62,0.19,1.34,1.86,3.16,1.78,2.53,2.10,2.55,2.19,3.24,3.72,2.50,2.28,2.66
EPS (Diluted),0.40,0.58,0.38,0.66,0.32,0.61,0.36,0.77,0.54,0.62,0.36,0.79,0.43,-1.03,-0.53,1.23,-0.22,0.50,0.13,0.91,0.23,1.13,0.46,0.74,0.83,0.61,0.19,1.33,1.84,3.13,1.76,2.49,2.08,2.53,2.17,3.19,3.68,2.48,2.26,2.64
EPS Growth,5.26%,18.37%,-5.00%,1.54%,-20.00%,5.17%,-5.26%,16.67%,68.75%,1.64%,0%,2.60%,-20.37%,-,-,55.70%,-,-,-,-26.02%,-,126.00%,253.85%,-18.68%,260.87%,-46.02%,-58.70%,79.73%,121.69%,413.11%,826.32%,87.22%,13.04%,-19.17%,23.30%,28.11%,76.92%,-1.98%,4.15%,-17.24%
Free Cash Flow,7.29,126.32,116.49,58.2,-5.97,131.76,104.45,69.19,6.77,129.68,108.94,70.38,-40.31,81.4,115.56,-12.9,-14.96,151.58,224.76,-17.1,15.54,188.06,183.3,29.52,31.21,321.84,228.93,237.41,144.78,563.39,330.85,213.62,150.49,394.52,282.85,165.52,143.56,410.21,302.5,196.35
Free Cash Flow Per Share,0.08,1.41,1.32,0.66,-0.07,1.58,1.26,0.84,0.08,1.57,1.32,0.85,-0.49,0.91,1.27,-0.14,-0.16,1.67,2.47,-0.19,0.17,2.09,2.04,0.33,0.35,3.60,2.56,2.66,1.64,6.57,3.96,2.59,1.83,4.92,3.57,2.09,1.81,5.17,3.83,2.51
Gross Margin,61.76%,60.91%,60.07%,59.61%,62.27%,61.58%,61.29%,60.05%,61.95%,62.06%,61.13%,60.32%,61.99%,58.28%,59.88%,60.73%,62.93%,63.29%,63.53%,62.54%,64.28%,63.77%,63.51%,62.54%,66.50%,66.85%,66.84%,68.42%,69.71%,69.95%,68.93%,69.41%,70.14%,69.16%,68.70%,68.41%,69.11%,67.57%,68.00%,66.60%
Operating Margin,13.25%,15.73%,10.49%,16.41%,10.33%,15.55%,10.49%,15.79%,11.56%,13.66%,8.49%,15.46%,8.56%,-11.66%,-2.94%,6.20%,-0.90%,8.60%,5.72%,11.90%,5.03%,10.83%,6.91%,11.31%,12.24%,10.24%,8.81%,16.01%,20.42%,23.53%,19.91%,14.19%,17.20%,21.58%,19.03%,22.09%,28.96%,18.83%,17.35%,19.00%
Profit Margin,8.45%,10.20%,7.19%,10.13%,6.02%,9.34%,6.07%,10.22%,8.07%,8.46%,5.31%,9.45%,5.83%,-10.94%,-5.82%,10.58%,-2.03%,4.62%,1.28%,7.72%,2.14%,9.66%,4.14%,5.63%,7.37%,5.66%,1.71%,10.75%,14.86%,23.24%,12.87%,16.03%,13.66%,14.89%,13.03%,17.07%,20.99%,13.17%,12.78%,13.15%
Free Cash Flow Margin,1.63%,24.30%,24.73%,9.97%,-1.27%,24.05%,20.88%,10.75%,1.22%,21.26%,18.98%,10.01%,-6.45%,9.65%,13.95%,-1.27%,-1.55%,15.14%,24.39%,-1.57%,1.60%,17.56%,18.32%,2.45%,3.06%,33.07%,23.02%,21.33%,13.11%,48.26%,28.61%,16.35%,11.92%,28.66%,21.24%,11.00%,10.19%,27.29%,21.47%,12.38%
Effective Tax Rate,33.44%,33.08%,27.13%,35.91%,35.92%,35.66%,41.37%,31.97%,25.40%,33.12%,31.88%,37.39%,24.88%,-,-,-278.15%,-,38.37%,69.03%,24.28%,1.23%,-13.63%,22.05%,38.78%,22.46%,6.58%,-19.74%,23.40%,23.59%,28.47%,25.13%,-18.22%,19.78%,25.74%,25.22%,15.56%,22.42%,25.02%,19.81%,24.75%
EBITDA,67.68,91.64,59.55,107.53,57.85,94.36,70.03,119.66,81.33,99.78,66.43,130.42,70.93,-15.24,45.39,139.22,60.24,179.51,133.12,190.61,120.3,189.64,150.71,216.18,200.76,163.58,118.3,259.97,315.74,477.27,301.81,281.09,312.75,370.75,326.92,405.01,472.94,353.01,312.21,403.05
EBITDA Margin,15.15%,17.63%,12.65%,18.41%,12.28%,17.22%,14.00%,18.59%,14.59%,16.36%,11.57%,18.55%,11.35%,-1.81%,5.48%,13.72%,6.25%,17.93%,14.44%,17.51%,12.40%,17.71%,15.06%,17.96%,19.70%,16.81%,11.89%,23.36%,28.60%,40.89%,26.10%,21.52%,24.77%,26.93%,24.55%,26.92%,33.57%,23.48%,22.16%,25.41%
Depreciation & Amortization,8.74,9.7,10.45,10.52,10.13,9.61,12.19,15.21,15.02,15.24,15.75,15.97,16.53,83.56,68.56,71.52,68.06,66.84,68.19,52.52,74.4,73.88,73.53,76.43,77.56,74.33,73.59,75.36,74.84,70.69,71.38,70.62,66.3,65.08,64.57,66.08,64.28,64.33,65.92,66.79
EBIT,58.94,81.94,49.1,97,47.72,84.75,57.84,104.45,66.31,84.55,50.68,114.46,54.4,-98.8,-23.18,67.7,-7.81,112.68,64.94,138.09,45.9,115.76,77.17,139.74,123.2,89.25,44.71,184.61,240.9,406.58,230.43,210.47,246.45,305.67,262.35,338.93,408.67,288.68,246.29,336.26
EBIT Margin,13.19%,15.76%,10.43%,16.61%,10.13%,15.47%,11.56%,16.22%,11.90%,13.86%,8.83%,16.28%,8.70%,-11.71%,-2.80%,6.67%,-0.81%,11.25%,7.05%,12.68%,4.73%,10.81%,7.71%,11.61%,12.09%,9.17%,4.49%,16.59%,21.82%,34.83%,19.93%,16.11%,19.52%,22.21%,19.70%,22.52%,29.01%,19.20%,17.48%,21.20%
