,2013-12-31,2014-03-31,2014-06-30,2014-09-30,2014-12-31,2015-03-31,2015-06-30,2015-09-30,2015-12-31,2016-03-31,2016-06-30,2016-09-30,2016-12-31,2017-03-31,2017-06-30,2017-09-30,2017-12-31,2018-03-31,2018-06-30,2018-09-30,2018-12-31,2019-03-31,2019-06-30,2019-09-30,2019-12-31,2020-03-31,2020-06-30,2020-09-30,2020-12-31,2021-03-31,2021-06-30,2021-09-30,2021-12-31,2022-03-31,2022-06-30,2022-09-30,2022-12-31,2023-03-31,2023-06-30,2023-09-30
Revenue,40.03,36.19,37.18,44.35,46.82,44.76,46.71,50.38,56.04,55.53,58.76,71.88,82.08,79.24,79.64,90.26,94.65,101.22,99.23,104.84,114.79,115.81,112.36,130.84,171.85,147.16,141.26,166.44,226.14,195.02,218.8,231.99,217.58,256.43,285.61,311.75,336.14,343.04,374.61,413.6
Revenue Growth (YoY),24.63%,18.90%,15.54%,26.00%,16.97%,23.70%,25.66%,13.59%,19.70%,24.06%,25.78%,42.69%,46.46%,42.70%,35.55%,25.57%,15.32%,27.73%,24.59%,16.15%,21.28%,14.42%,13.24%,24.80%,49.71%,27.07%,25.72%,27.21%,31.59%,32.52%,54.89%,39.38%,-3.79%,31.49%,30.54%,34.38%,54.49%,33.78%,31.16%,32.67%
Cost of Revenue,14.47,13.98,13.96,15.64,19.4,14.89,15.99,19.31,19.05,18.63,21.46,25.32,32.31,30.57,34.01,40.5,31.64,36.75,36.08,39.2,49.45,46.89,46.8,50.67,79.21,58.55,53.08,68.2,84.83,71.67,80.87,87.42,82.52,100.69,111.65,118.5,130.46,138.94,142.48,158.33
Gross Profit,25.55,22.21,23.21,28.71,27.41,29.87,30.72,31.07,36.99,36.9,37.3,46.57,49.77,48.67,45.64,49.77,63.02,64.46,63.14,65.63,65.35,68.92,65.56,80.17,92.64,88.61,88.18,98.24,141.31,123.35,137.93,144.57,135.06,155.74,173.96,193.26,205.68,204.1,232.12,255.27
"Selling, General & Admin",11.66,13.75,13.55,12.44,14.42,14.57,15.44,17.83,21.86,24.83,24.38,28.12,30.74,30.86,31.82,36.4,39.61,35.76,39.34,39.69,42.1,42.89,43.36,48.42,78.28,63.03,72.29,74.44,97.52,126.6,177.66,99.3,111.45,90.13,95.01,102.02,114.42,116.57,119.92,123.28
Research & Development,3.44,3.61,3.46,3.76,4.07,4.56,5.91,6.53,6.62,6.93,6.71,7.36,9.61,12.46,12.99,14.17,15.76,15.12,18.5,21.98,21.25,23.35,23.49,25.13,28.75,26.38,29.56,29.25,38.01,47.02,53.95,42.38,50.67,48.42,57.55,59.13,68.72,70.93,71.94,76.88
Other Operating Expenses,1.45,0,0,0,0,0,0,0,0,0,0,0,0,0,0,0,0,0,0,0,0,0,0,0,0,0,0,0,0,0,0,0,0,0,0,0,0,0,0,0
Operating Expenses,16.55,17.35,17,16.2,18.49,19.12,21.35,24.36,28.48,31.76,31.09,35.48,40.36,43.32,44.81,50.56,55.37,50.88,57.84,61.67,63.35,66.25,66.86,73.55,107.03,89.41,101.85,103.69,135.53,173.62,231.61,141.68,162.13,138.55,152.55,161.15,183.14,187.49,191.86,200.16
Operating Income,9,4.86,6.21,12.51,8.92,10.75,9.37,6.71,8.51,5.14,6.21,11.09,9.41,5.35,0.82,-0.8,7.65,13.58,5.3,3.97,1.99,2.67,-1.3,6.62,-14.39,-0.8,-13.68,-5.45,5.78,-50.26,-93.69,2.89,-27.07,17.19,21.41,32.11,22.54,16.61,40.26,55.11
Other Expense / Income,-0.06,-0.03,-0.04,0.16,0.11,0.07,-0.1,0.02,-0.01,-0.12,0.12,0.46,-0.11,-0.21,-1.68,-1.43,0.58,-1.26,0.3,-1.27,-1.02,-2.31,-1.85,-1.82,-2.49,-0.94,-1.61,-2.04,-3.27,-0.59,-41.84,5.53,10.15,-55.3,-47.03,11.25,-12.19,-25.28,52.37,-14.31
Pretax Income,9.06,4.89,6.25,12.35,8.82,10.68,9.47,6.68,8.52,5.26,6.09,10.63,9.52,5.56,2.51,0.63,7.07,14.85,5,5.24,3.01,4.98,0.55,8.44,-11.9,0.14,-12.06,-3.41,9.04,-49.68,-51.84,-2.64,-37.21,72.49,68.44,20.86,34.73,41.88,-12.11,69.42
Income Tax,3.68,1.5,2.37,4.8,3.73,3.48,3.37,5.16,3.42,1.8,2.44,6.79,3.18,0.98,0.23,0.21,9.14,1.92,-3.48,-0.47,0.93,-1.44,-0.19,2.33,0.48,-3.93,18.7,-2.54,-16.79,-1.76,-4.73,-51.16,-23.71,17.62,17.48,8.73,5.56,-3.26,-24.53,10.03
Net Income,5.38,3.39,3.88,7.56,5.09,7.21,6.1,1.52,5.1,3.46,3.65,3.84,6.34,4.58,2.28,0.42,-2.07,12.93,8.49,5.71,2.08,6.42,0.74,6.1,-12.38,4.07,-30.76,-0.87,25.83,-47.92,-47.12,48.52,-13.51,54.87,50.96,12.13,29.18,45.14,12.42,59.4
Net Income Growth,40.89%,2.82%,-12.86%,47.79%,-5.38%,112.47%,57.13%,-79.88%,0.35%,-51.94%,-40.19%,152.66%,24.24%,32.26%,-37.64%,-89.02%,-,182.23%,272.80%,1253.32%,-,-50.34%,-91.30%,6.88%,-,-36.53%,-,-,-,-,-,-,-,-,-,-75.00%,-,-17.74%,-75.63%,389.63%
Shares Outstanding (Basic),52,53,53,52,53,53,54,54,54,54,52,52,52,52,53,53,53,53,56,58,59,59,59,59,59,60,60,63,64,64,65,66,69,71,71,71,71,73,74,75
Shares Outstanding (Diluted),56,55,55,54,54,55,55,55,55,55,53,53,53,54,54,54,54,55,57,60,60,60,60,60,60,60,60,63,64,64,65,72,69,72,72,73,73,74,76,76
Shares Change,1.74%,0.96%,3.60%,0.94%,-2.38%,-1.11%,0.08%,1.62%,0.35%,0.51%,-2.76%,-2.83%,-2.50%,-2.03%,0.90%,1.32%,2.13%,1.59%,6.11%,11.07%,10.35%,9.57%,5.16%,0.42%,0.55%,1.08%,0.58%,5.72%,5.63%,6.03%,7.99%,14.09%,8.95%,12.98%,10.92%,0.12%,5.24%,2.12%,4.84%,4.73%
EPS (Basic),0.10,0.06,0.07,0.14,0.10,0.14,0.11,0.03,0.09,0.06,0.07,0.07,0.12,0.09,0.04,0.01,-0.04,0.24,0.15,0.10,0.03,0.11,0.01,0.10,-0.21,0.07,-0.51,-0.01,0.42,-0.75,-0.72,0.73,-0.20,0.77,0.72,0.17,0.41,0.62,0.17,0.79
EPS (Diluted),0.10,0.06,0.07,0.14,0.10,0.13,0.11,0.03,0.09,0.06,0.07,0.07,0.12,0.09,0.04,0.01,-0.04,0.24,0.15,0.10,0.03,0.11,0.01,0.10,-0.21,0.07,-0.51,-0.01,0.42,-0.75,-0.72,0.67,-0.20,0.76,0.71,0.17,0.40,0.61,0.16,0.78
EPS Growth,25.00%,0%,-12.50%,40.00%,0%,116.67%,57.14%,-78.57%,-10.00%,-53.85%,-36.36%,133.33%,33.33%,50.00%,-42.86%,-85.71%,-,166.67%,275.00%,900.00%,-,-54.17%,-93.33%,0%,-,-36.36%,-,-,-,-,-,-,-,-,-,-74.63%,-,-19.74%,-77.46%,358.82%
Free Cash Flow,8.73,3.51,1.23,15.84,12.36,12.58,-3.39,17.29,13.99,5.85,2.56,10.26,-2.44,-8.95,-9.25,3.28,23,16.98,-5.54,14.32,26.98,-19.24,8.8,18.19,41.98,11.28,-25.73,-47.32,27.71,50.43,20.7,3.96,-0.44,26.95,6.63,26.67,119.6,-64.84,29.52,48.98
Free Cash Flow Per Share,0.17,0.07,0.02,0.30,0.23,0.24,-0.06,0.32,0.26,0.11,0.05,0.20,-0.05,-0.17,-0.17,0.06,0.43,0.32,-0.10,0.24,0.46,-0.33,0.15,0.31,0.71,0.19,-0.43,-0.74,0.43,0.79,0.32,0.06,-0.01,0.38,0.09,0.38,1.68,-0.89,0.40,0.66
Gross Margin,63.85%,61.37%,62.45%,64.74%,58.55%,66.73%,65.77%,61.67%,66.00%,66.45%,63.48%,64.78%,60.64%,61.42%,57.30%,55.13%,66.58%,63.69%,63.64%,62.61%,56.93%,59.51%,58.35%,61.27%,53.91%,60.21%,62.42%,59.02%,62.49%,63.25%,63.04%,62.32%,62.07%,60.73%,60.91%,61.99%,61.19%,59.50%,61.96%,61.72%
Operating Margin,22.49%,13.42%,16.71%,28.21%,19.06%,24.00%,20.07%,13.31%,15.19%,9.26%,10.57%,15.42%,11.47%,6.75%,1.03%,-0.89%,8.08%,13.42%,5.34%,3.78%,1.74%,2.31%,-1.15%,5.06%,-8.37%,-0.54%,-9.68%,-3.27%,2.55%,-25.77%,-42.82%,1.25%,-12.44%,6.71%,7.50%,10.30%,6.71%,4.84%,10.75%,13.33%
Profit Margin,13.43%,9.37%,10.45%,17.04%,10.86%,16.10%,13.06%,3.02%,9.11%,6.24%,6.21%,5.35%,7.73%,5.78%,2.86%,0.47%,-2.19%,12.77%,8.55%,5.45%,1.81%,5.54%,0.66%,4.67%,-7.20%,2.77%,-21.77%,-0.52%,11.42%,-24.57%,-21.53%,20.92%,-6.21%,21.40%,17.84%,3.89%,8.68%,13.16%,3.32%,14.36%
Free Cash Flow Margin,21.81%,9.70%,3.31%,35.72%,26.39%,28.11%,-7.25%,34.32%,24.97%,10.53%,4.35%,14.27%,-2.98%,-11.30%,-11.61%,3.63%,24.30%,16.78%,-5.58%,13.65%,23.50%,-16.61%,7.84%,13.90%,24.43%,7.67%,-18.22%,-28.43%,12.25%,25.86%,9.46%,1.71%,-0.20%,10.51%,2.32%,8.55%,35.58%,-18.90%,7.88%,11.84%
Effective Tax Rate,40.65%,30.60%,37.90%,38.82%,42.32%,32.54%,35.57%,77.24%,40.12%,34.16%,40.04%,63.85%,33.39%,17.57%,9.25%,33.12%,129.31%,12.93%,-69.56%,-8.99%,30.89%,-28.79%,-34.18%,27.64%,-,-2789.36%,-,-,-185.77%,-,-,-,-,24.31%,25.53%,41.84%,15.99%,-7.77%,-,14.44%
EBITDA,10.15,6.05,7.36,13.45,9.77,11.3,10.22,7.63,9.51,6.16,7.03,11.53,10.43,7.16,4.3,2.91,9.43,17.26,7.75,8.31,5.4,7.78,3.24,11.15,-5.17,3.02,-9.13,2.47,13.93,-44.28,-46.01,3.64,-30.45,79.8,76.37,28.78,42.67,49.97,-3.05,79.75
EBITDA Margin,25.36%,16.71%,19.80%,30.34%,20.86%,25.24%,21.87%,15.15%,16.96%,11.09%,11.96%,16.04%,12.71%,9.04%,5.40%,3.22%,9.96%,17.05%,7.81%,7.92%,4.71%,6.72%,2.88%,8.52%,-3.01%,2.05%,-6.47%,1.48%,6.16%,-22.70%,-21.03%,1.57%,-14.00%,31.12%,26.74%,9.23%,12.69%,14.57%,-0.81%,19.28%
Depreciation & Amortization,1.1,1.16,1.11,1.1,0.95,0.62,0.75,0.95,0.98,0.9,0.94,0.9,0.91,1.6,1.8,2.28,2.36,2.41,2.75,3.07,2.39,2.8,2.69,2.71,6.73,2.88,2.93,5.88,4.89,5.4,5.83,6.28,6.76,7.31,7.93,7.92,7.94,8.08,9.06,10.33
EBIT,9.06,4.89,6.25,12.35,8.82,10.68,9.47,6.68,8.52,5.26,6.09,10.63,9.52,5.56,2.51,0.63,7.07,14.85,5,5.24,3.01,4.98,0.55,8.44,-11.9,0.14,-12.06,-3.41,9.04,-49.68,-51.84,-2.64,-37.21,72.49,68.44,20.86,34.73,41.88,-12.11,69.42
EBIT Margin,22.63%,13.50%,16.82%,27.85%,18.84%,23.86%,20.28%,13.27%,15.21%,9.47%,10.36%,14.79%,11.60%,7.01%,3.15%,0.70%,7.47%,14.67%,5.04%,5.00%,2.63%,4.30%,0.49%,6.45%,-6.92%,0.10%,-8.54%,-2.05%,4.00%,-25.47%,-23.70%,-1.14%,-17.10%,28.27%,23.96%,6.69%,10.33%,12.21%,-3.23%,16.79%
