,2014-03-31,2014-06-30,2014-09-30,2014-12-31,2015-03-31,2015-06-30,2015-09-30,2015-12-31,2016-03-31,2016-06-30,2016-09-30,2016-12-31,2017-03-31,2017-06-30,2017-09-30,2017-12-31,2018-03-31,2018-06-30,2018-09-30,2018-12-31,2019-03-31,2019-06-30,2019-09-30,2019-12-31,2020-03-31,2020-06-30,2020-09-30,2020-12-31,2021-03-31,2021-06-30,2021-09-30,2021-12-31,2022-03-31,2022-06-30,2022-09-30,2022-12-31,2023-03-31,2023-06-30,2023-09-30,2023-12-31
Revenue,95.56,92.52,108.48,111.95,114.16,117.66,112.38,120.91,130.97,134.76,130.58,131.81,144.04,156.58,144.61,154.15,163.97,180.25,162.97,174.51,184.86,191.67,183.24,184.93,194.68,175.83,204.2,224.25,243.55,259.03,257.72,269.28,290.38,288.23,269.66,271.58,294.15,301.32,276.94,272.6
Revenue Growth (YoY),17.98%,16.42%,26.62%,33.24%,19.47%,27.17%,3.60%,8.00%,14.73%,14.53%,16.19%,9.02%,9.97%,16.19%,10.75%,16.95%,13.84%,15.12%,12.69%,13.21%,12.74%,6.33%,12.44%,5.97%,5.31%,-8.26%,11.44%,21.26%,25.10%,47.31%,26.21%,20.08%,19.23%,11.27%,4.63%,0.86%,1.30%,4.54%,2.70%,0.37%
Cost of Revenue,27.44,28.93,35.41,36.21,34.78,38.58,36.99,39.32,40.98,45.07,43.24,43.66,47.36,54.21,46.75,52.32,53.71,58.07,55.37,61.49,60.25,63.41,64.83,63.53,64.62,62.52,66.47,73.35,75.28,83.08,86.72,85.59,88.92,87.88,90.06,88.22,91.98,96.62,91.74,96.01
Gross Profit,68.11,63.59,73.07,75.74,79.38,79.09,75.39,81.59,89.99,89.69,87.35,88.14,96.68,102.37,97.87,101.83,110.26,122.18,107.6,113.02,124.61,128.26,118.41,121.4,130.06,113.31,137.73,150.9,168.27,175.94,171,183.69,201.46,200.35,179.6,183.36,202.16,204.7,185.19,176.59
"Selling, General & Admin",14.67,17.1,28.7,31.14,29.09,30.47,33.04,34.59,35.22,38.04,45.42,56.98,49.41,48.63,58.29,63.78,53.29,65.29,67.05,63.6,64.97,68.74,69.01,68.03,66.32,57.23,72.6,83.12,82.6,86.64,86.18,100.69,89.27,96.63,99.38,93.01,99.24,86.75,105.33,115.67
Research & Development,7.68,7.64,9.15,10.03,10.87,10.81,11.32,10.98,11.25,11.64,12.77,13.28,13.77,13.7,13.55,13.91,13.89,13.98,14.79,15.81,15.55,16.26,16.08,16.38,15.95,16.78,16.04,16.79,17.05,20.72,21.6,20.65,21.74,23.15,23.9,22.46,22.71,23.42,24,22.92
Operating Expenses,22.34,24.75,37.85,41.16,39.95,41.29,44.36,45.56,46.46,49.68,58.19,70.26,63.18,62.33,71.84,77.69,67.18,79.27,81.84,79.42,80.52,85,85.09,84.41,82.27,74,88.64,99.91,99.65,107.36,107.78,121.34,111.01,119.78,123.28,115.47,121.95,110.17,129.33,138.58
Operating Income,45.77,38.85,35.22,34.58,39.43,37.8,31.03,36.03,43.53,40.01,29.16,17.88,33.5,40.05,26.03,24.15,43.08,42.92,25.76,33.6,44.09,43.26,33.33,36.99,47.79,39.31,49.09,51,68.63,68.58,63.22,62.35,90.45,80.57,56.32,67.89,80.21,94.53,55.86,38
Interest Expense / Income,0,0,0,0,0,1.54,0,0,0,1.75,0,0,0,7.36,0,0,0,10.19,0,0,0,21.71,0,0,0,19.2,0,0,0,13.95,0,0,0,11.31,0,0,0,11.22,0,0
Other Expense / Income,-0.3,-0.61,0.62,-7.98,0.67,-1.99,-0.82,0.65,1.04,0.49,1.37,2.69,2.36,-5.16,3.06,2.42,18.1,-23.54,8.18,11.84,-5.79,-1.23,15.52,-113.33,0.97,-41.41,9.75,-5.5,22.89,47.2,-4.8,-31.95,21.08,-9.4,-47.22,1.46,0.02,-5.01,6.3,4.62
Pretax Income,46.07,39.45,34.6,42.56,38.76,38.24,31.85,35.37,42.49,37.77,27.79,15.19,31.14,37.85,22.97,21.73,24.98,56.27,17.59,21.77,49.88,22.79,17.81,150.33,46.82,61.53,39.34,56.5,45.73,7.43,68.02,94.29,69.37,78.66,103.54,66.43,80.2,88.32,49.56,33.39
Income Tax,14.43,12.63,10.69,9.35,14.47,11.91,9.14,9.52,12.2,12.14,8.94,7.72,8.97,10.24,7.1,-27.12,5.24,14.57,0.18,4.21,5.22,6.33,3.41,30.7,10.39,2.68,5.94,10.22,-0.05,-7.53,-1.6,14.12,8.63,17.14,13.98,16.42,9.98,12.83,-1.44,5.92
Net Income,31.64,26.82,23.91,33.21,24.29,26.33,22.71,25.85,30.29,25.63,18.84,7.47,22.17,27.61,15.86,48.85,19.74,41.7,17.4,17.56,44.65,16.46,14.4,119.62,36.43,58.85,33.4,46.27,45.78,14.96,69.62,80.17,60.74,61.52,89.56,50.01,70.22,75.48,50.99,27.47
Net Income Growth,-4.46%,-5.59%,-12.84%,32.54%,-23.23%,-1.85%,-5.02%,-22.16%,24.71%,-2.67%,-17.02%,-71.12%,-26.82%,7.74%,-15.81%,554.17%,-10.96%,51.04%,9.71%,-64.06%,126.23%,-60.53%,-17.27%,581.37%,-18.41%,257.50%,131.94%,-61.32%,25.66%,-74.58%,108.46%,73.26%,32.67%,311.26%,28.64%,-37.63%,15.61%,22.69%,-43.06%,-45.08%
Shares Outstanding (Basic),148,148,148,148,149,149,149,149,149,149,149,149,149,149,150,150,150,150,151,151,151,152,152,153,153,153,154,155,155,156,156,157,157,157,157,157,157,158,158,158
Shares Outstanding (Diluted),148,148,149,149,149,149,149,149,149,150,150,150,150,150,151,152,153,154,155,155,155,157,157,158,158,158,160,161,163,164,165,165,164,164,162,162,162,162,162,160
Shares Change,0.39%,0.37%,0.60%,0.53%,0.58%,0.70%,0.45%,0.24%,0.08%,0.24%,0.42%,0.47%,0.52%,0.43%,0.62%,1.20%,1.73%,2.34%,2.94%,2.17%,1.89%,1.84%,1.13%,2.07%,1.48%,1.06%,1.97%,1.79%,3.15%,3.73%,2.83%,2.36%,0.72%,-0.30%,-1.49%,-1.87%,-1.38%,-0.89%,-0.14%,-1.04%
EPS (Basic),0.21,0.18,0.16,0.23,0.16,0.17,0.15,0.17,0.20,0.17,0.13,0.05,0.15,0.18,0.10,0.33,0.13,0.28,0.12,0.12,0.29,0.11,0.10,0.78,0.24,0.39,0.22,0.30,0.29,0.10,0.45,0.51,0.39,0.39,0.57,0.32,0.45,0.47,0.32,0.17
EPS (Diluted),0.21,0.18,0.16,0.22,0.16,0.17,0.15,0.17,0.20,0.17,0.13,0.05,0.15,0.18,0.10,0.32,0.13,0.27,0.11,0.11,0.29,0.10,0.09,0.76,0.23,0.37,0.21,0.29,0.28,0.09,0.42,0.49,0.37,0.38,0.55,0.31,0.43,0.46,0.31,0.17
EPS Growth,-5.78%,-5.70%,-13.51%,31.18%,-23.11%,-3.85%,-5.00%,-22.87%,24.54%,-1.71%,-17.76%,-70.93%,-27.59%,7.56%,-16.00%,546.00%,-11.56%,47.03%,7.62%,-65.02%,120.77%,-61.40%,-18.58%,568.14%,-19.86%,255.24%,125.00%,-61.99%,21.74%,-75.07%,103.86%,70.73%,32.14%,308.60%,30.33%,-36.73%,16.22%,21.05%,-43.64%,-45.16%
Free Cash Flow,30.67,35.82,30.81,32.58,25.85,30.21,25.71,33.65,34.3,33.59,23.78,38.78,21,44.98,39.42,32.85,18.14,59.02,35.26,41.96,34.74,44.25,30.01,55.85,40.19,27.42,55.07,77.82,64.26,110.7,42.36,90.83,58.03,89.15,46.53,58.28,38.79,72.56,45.79,68.25
Free Cash Flow Per Share,0.21,0.24,0.21,0.22,0.17,0.20,0.17,0.23,0.23,0.23,0.16,0.26,0.14,0.30,0.26,0.22,0.12,0.39,0.23,0.28,0.23,0.29,0.20,0.37,0.26,0.18,0.36,0.50,0.41,0.71,0.27,0.58,0.37,0.57,0.30,0.37,0.25,0.46,0.29,0.43
Dividend Per Share,0.077,0.077,0.077,0.080,0.080,0.080,0.080,0.080,0.080,0.080,0.080,0.080,0.080,0.080,0.080,0.080,0.080,0.080,0.080,0.080,0.080,0.080,0.080,0.080,0.080,0.080,0.080,0.080,0.080,0.080,0.080,0.080,0.080,0.080,0.080,0.080,0.080,0.080,0.080,0.080
Dividend Growth,2.67%,2.67%,2.67%,3.90%,3.90%,3.90%,3.90%,0%,0%,0%,0%,0%,0%,0%,0%,0%,0%,0%,0%,0%,0%,0%,0%,0%,0%,0%,0%,0%,0%,0%,0%,0%,0%,0%,0%,0%,0%,0%,0%,0%
Gross Margin,71.28%,68.73%,67.36%,67.66%,69.54%,67.22%,67.09%,67.48%,68.71%,66.56%,66.89%,66.87%,67.12%,65.38%,67.68%,66.06%,67.24%,67.78%,66.03%,64.76%,67.41%,66.92%,64.62%,65.65%,66.81%,64.44%,67.45%,67.29%,69.09%,67.92%,66.35%,68.22%,69.38%,69.51%,66.60%,67.52%,68.73%,67.93%,66.87%,64.78%
Operating Margin,47.90%,41.99%,32.46%,30.89%,34.54%,32.13%,27.61%,29.80%,33.23%,29.69%,22.33%,13.57%,23.26%,25.58%,18.00%,15.66%,26.28%,23.81%,15.81%,19.26%,23.85%,22.57%,18.19%,20.00%,24.55%,22.36%,24.04%,22.74%,28.18%,26.48%,24.53%,23.15%,31.15%,27.95%,20.88%,25.00%,27.27%,31.37%,20.17%,13.94%
Profit Margin,33.11%,28.99%,22.04%,29.66%,21.28%,22.38%,20.21%,21.38%,23.13%,19.02%,14.43%,5.67%,15.39%,17.63%,10.97%,31.69%,12.04%,23.13%,10.68%,10.06%,24.16%,8.59%,7.86%,64.68%,18.71%,33.47%,16.35%,20.63%,18.80%,5.78%,27.01%,29.77%,20.92%,21.35%,33.21%,18.41%,23.87%,25.05%,18.41%,10.08%
Free Cash Flow Margin,32.10%,38.71%,28.41%,29.11%,22.65%,25.67%,22.88%,27.83%,26.19%,24.93%,18.21%,29.42%,14.58%,28.73%,27.26%,21.31%,11.06%,32.74%,21.63%,24.04%,18.79%,23.09%,16.38%,30.20%,20.64%,15.59%,26.97%,34.70%,26.39%,42.74%,16.44%,33.73%,19.98%,30.93%,17.25%,21.46%,13.19%,24.08%,16.53%,25.04%
Effective Tax Rate,31.32%,32.01%,30.90%,21.98%,37.33%,31.15%,28.70%,26.92%,28.71%,32.15%,32.18%,50.84%,28.82%,27.05%,30.93%,-124.78%,20.99%,25.89%,1.04%,19.35%,10.47%,27.76%,19.14%,20.42%,22.19%,4.36%,15.11%,18.10%,-0.10%,-101.37%,-2.35%,14.97%,12.44%,21.79%,13.50%,24.72%,12.44%,14.53%,-2.90%,17.74%
EBITDA,50.99,44.76,43.16,52.46,48.03,49.29,42.53,45.96,53.32,50.18,41.43,30.79,47.18,59.96,38.39,37.35,41.26,83.61,36.64,41.65,69.2,64.41,37.89,170.88,67.93,101.71,60.43,77.38,66.84,46.05,92.75,119.4,94.73,115.84,130.18,93.13,107.17,126.45,78.1,61.19
EBITDA Margin,53.36%,48.38%,39.78%,46.86%,42.08%,41.89%,37.85%,38.02%,40.71%,37.24%,31.73%,23.36%,32.75%,38.29%,26.55%,24.23%,25.16%,46.38%,22.48%,23.86%,37.43%,33.61%,20.68%,92.40%,34.89%,57.85%,29.59%,34.51%,27.44%,17.78%,35.99%,44.34%,32.62%,40.19%,48.28%,34.29%,36.43%,41.97%,28.20%,22.45%
Depreciation & Amortization,4.92,5.31,8.56,9.9,9.27,9.5,10.69,10.59,10.83,10.66,13.64,15.61,16.04,14.75,15.42,15.62,16.27,17.15,19.05,19.88,19.32,19.92,20.09,20.55,21.11,20.99,21.09,20.88,21.1,24.67,24.73,25.1,25.37,25.87,26.64,26.7,26.97,26.92,28.54,27.8
EBIT,46.07,39.45,34.6,42.56,38.76,39.79,31.85,35.37,42.49,39.52,27.79,15.19,31.14,45.21,22.97,21.73,24.98,66.46,17.59,21.77,49.88,44.49,17.81,150.33,46.82,80.72,39.34,56.5,45.73,21.38,68.02,94.29,69.37,89.97,103.54,66.43,80.2,99.53,49.56,33.39
EBIT Margin,48.21%,42.64%,31.89%,38.02%,33.95%,33.81%,28.34%,29.26%,32.44%,29.32%,21.28%,11.52%,21.62%,28.87%,15.88%,14.10%,15.24%,36.87%,10.79%,12.47%,26.98%,23.21%,9.72%,81.29%,24.05%,45.91%,19.27%,25.19%,18.78%,8.25%,26.39%,35.02%,23.89%,31.21%,38.40%,24.46%,27.26%,33.03%,17.90%,12.25%
